3594 5122
266 221 331 292 252
377 243 467 290 ursan
480 243 527 290 ιιι.
538 260 560 272 -
572 243 689 288 aanor.
709 243 731 288 r.
747 243 812 288 rrr.
829 242 864 288 u.
880 243 920 288 ou
934 243 1075 290 saeuas.
1091 243 1276 290 nnrrrmsrn.
1291 244 1330 288 ar
1346 243 1492 290 susurra.

581 467 663 534 Aur.
689 469 745 533 lll.
784 469 831 532 De
854 463 1029 555 lis‘qooe
1050 485 1111 533 seu
1135 468 1297 535 minutor

466 591 527 639 seu
550 571 720 640 emeatus
743 591 867 639 curem
890 571 985 639 debet
1008 571 1100 640 alter
1123 573 1271 638 orarios
1293 589 1414 641 cama.

327 751 403 820 261.
430 754 544 820 Grave
566 753 620 816 est
642 753 864 818 sacramenta
888 747 1029 832 indigne
1052 747 1263 833 ministrare,
1288 749 1389 836 longe
1413 748 1552 837 gravius
1567 769 1608 818 ea

270 855 422 946 recipere
445 855 599 943 indigne,
626 856 691 924 hoc
715 853 810 924 enim
835 855 1039 943 regulariter
1061 875 1123 943 per
1145 873 1181 924 se
1205 856 1336 923 malum
1355 860 1420 939 cst,
1437 854 1532 940 illud,
1549 875 1608 924 ve·

269 963 353 1048 rius,
379 983 449 1032 non
473 961 571 1046 item,
597 961 678 1052 quia
702 967 923 1031 sacramenta
947 966 983 1030 et
1005 961 1093 1030 bene
1109 967 1146 1030 et
1161 961 1250 1030 male
1267 961 1372 1052 recipi
1389 967 1533 1050 possunt
1547 962 1606 1048 (1).

271 1073 321 1138 Ne
343 1069 420 1159 quis
442 1067 548 1157 igitur
571 1067 632 1138 fiat
655 1068 828 1158 particeps
851 1067 992 1136 alterius
1015 1067 1161 1157 peccati,
1193 1087 1319 1137 cavere
1348 1068 1468 1152 debet,
1500 1087 1545 1136 ne
1567 1087 1608 1136 ea

224 1169 226 1176 ’
269 1173 325 1242 vel
349 1176 392 1244 ab
415 1175 567 1263 indignis
591 1180 698 1263 petat,
726 1175 781 1242 vel
806 1173 957 1262 indignis
985 1175 1154 1243 conterat.
1188 1177 1380 1265 Utrumque
1408 1181 1462 1243 est
1490 1194 1606 1264 grave.

270 1281 442 1370 Principio
465 1281 570 1370 igitur
593 1281 725 1350 volenti
757 1285 1018 1350 sacramentum
1051 1281 1203 1370 recipere
1236 1283 1433 1352 cavendum
1463 1289 1531 1368 est,
1565 1303 1609 1352 ne

269 1384 352 1456 illud
375 1393 472 1478 petat
494 1408 514 1457 a
539 1387 699 1456 ministro
724 1386 934 1456 nominatim
957 1387 1262 1458 excommunicato
1285 1390 1342 1458 vel
1364 1408 1530 1479 suspenso
1553 1390 1610 1458 vel

270 1493 313 1562 ab
336 1493 510 1564 haeretico
535 1495 589 1563 vel
610 1492 834 1562 schismatico
860 1493 1009 1580 notorio,
1040 1495 1097 1563 vel
1126 1494 1259 1565 intruso
1279 1496 1339 1582 (2),
1369 1501 1610 1586 praeterquam

269 1599 306 1668 in
329 1620 466 1669 summo
489 1599 693 1670 discrimine
717 1621 849 1685 rerum,
875 1603 930 1670 vel
954 1607 999 1670 alr
1025 1623 1065 1671 eo
1095 1623 1200 1692 quem
1231 1602 1267 1672 in
1298 1601 1392 1672 letali
1423 1621 1498 1672 esse
1528 1623 1610 1672 con-

268 1710 339 1773 stat
355 1707 416 1792 (5):
441 1705 501 1776 sed
525 1707 568 1775 ab
592 1707 658 1776 lroc
683 1705 811 1774 caritas
834 1713 972 1774 tantum
997 1705 1031 1775 id
1055 1713 1173 1794 vetat,
1199 1707 1275 1776 ideo
1298 1715 1444 1776 excusat
1465 1707 1612 1798 quodvis

215 1867 218 1874 .
242 1885 245 1890 ,
269 1809 530 1880 incommodum
555 1833 673 1901 grave,
700 1813 808 1882 immo
831 1811 976 1904 quaevis
999 1812 1088 1882 iusta
1112 1813 1340 1898 necessitatis,
1366 1813 1422 1882 vel
1438 1812 1609 1897 utilitatis,

270 1935 373 1987 causa
390 1919 450 2004 (l).

329 2025 405 2094 262.
434 2029 486 2110 ut,
523 2047 567 2094 ex
597 2026 748 2112 diverso,
787 2026 947 2096 ministro
983 2027 1180 2097 cavendum
1214 2033 1278 2112 est,
1315 2048 1360 2096 ne
1393 2029 1613 2096 sacramenta

269 2129 329 2200 det
351 2129 515 2220 indignis,
541 2131 621 2223 quia
646 2138 782 2222 oportet
806 2133 921 2222 ipsum
944 2153 1018 2204 esse
1042 2134 1179 2225 fidelem
1198 2135 1474 2221 dispensatorem
1494 2133 1551 2220 (a).
1571 2133 1614 2200 ut

271 2235 308 2306 in
332 2237 503 2328 baptismo
527 2247 563 2308 et
586 2238 706 2310 ordine
729 2261 818 2331 quae
843 2247 983 2310 mutant
1005 2245 1136 2310 statum
1160 2240 1393 2330 suscipientis,
1419 2246 1455 2308 et
1478 2238 1514 2308 in
1534 2260 1614 2328 poe-

270 2345 420 2416 nitentia
444 2347 480 2417 in
504 2367 571 2440 qua
595 2347 666 2437 ipse
690 2347 848 2436 fungitur
871 2347 982 2418 officio
1007 2347 1140 2434 iudicis,
1166 2348 1346 2438 explorare
1369 2347 1472 2418 debet
1493 2353 1612 2415 utrum

269 2451 299 2521 is
321 2453 380 2542 qui
404 2452 489 2544 petil
512 2460 772 2524 sacramentum
796 2475 837 2522 eo
862 2473 983 2524 revera
1007 2453 1053 2522 sit
1084 2453 1227 2542 dignus,
1266 2455 1302 2523 in
1332 2453 1457 2523 ceteris
1487 2449 1615 2522 sufficit

270 2557 298 2628 si
322 2579 393 2628 non
417 2563 554 2628 constet
576 2577 651 2627 esse
675 2557 857 2648 indignum
878 2561 937 2648 (6).
964 2560 1062 2642 Quod
1085 2558 1113 2628 si
1137 2581 1183 2629 an
1214 2559 1291 2651 quis
1321 2559 1446 2649 dignus
1476 2557 1533 2644 sit,
1566 2576 1612 2626 an

269 2661 431 2752 indignus
454 2669 641 2754 utrumque
665 2685 794 2755 anceps
816 2665 989 2752 videatur,
1015 2663 1184 2757 siquidem
1207 2665 1351 2735 dubium
1374 2671 1428 2734 est
1457 2686 1502 2734 an
1533 2683 1612 2754 pec-

269 2767 415 2853 caverit,
433 2769 543 2840 arceri
568 2789 638 2838 non
662 2769 779 2857 debet;
799 2771 854 2841 sin
878 2793 923 2841 an
941 2771 1163 2862 poenituerit,
1183 2791 1253 2840 non
1269 2771 1373 2840 debet
1390 2769 1528 2840 admitti
1547 2769 1609 2858 (7).

271 2874 425 2964 Indignis
448 2877 605 2965 proxime
629 2877 802 2946 accedunt
824 2877 861 2946 lri
884 2877 943 2968 qui
967 2877 1130 2966 ignorant
1158 2899 1199 2947 ea
1232 2897 1320 2968 quae
1350 2877 1439 2946 seire
1469 2875 1609 2944 debent.

271 2987 341 3050 llos
365 2981 526 3051 minister
549 2982 716 3070 dimittat,
742 2990 781 3051 ut
803 2990 1025 3075 quantocyus
1048 2983 1210 3052 instructi
1234 2983 1388 3052 redeant.
1416 2981 1448 3050 Si
1466 3001 1537 3050 non
1553 3000 1613 3048 ex-

271 3087 378 3177 pedit,
402 3097 464 3157 aut
488 3109 559 3160 non
584 3095 696 3180 potest
719 3111 778 3161 eos
802 3089 991 3176 dimittere,
1016 3089 1179 3178 edoceat;
1205 3089 1233 3159 si
1257 3110 1370 3180 neque
1398 3089 1463 3158 hoc
1486 3091 1611 3177 potest,

270 3196 430 3270 intererit
453 3203 571 3268 utrum
594 3198 756 3288 ignorent
778 3219 818 3267 ea
841 3219 930 3288 quae
955 3200 1043 3268 scire
1080 3203 1217 3288 oportet
1250 3196 1458 3266 necessitate
1490 3191 1612 3279 medii,

271 3323 316 3372 an
341 3325 491 3396 eaquae
516 3305 722 3374 necessitate
745 3303 932 3394 praecepti,
958 3325 1004 3372 an
1029 3325 1070 3373 ea
1086 3304 1128 3372 de
1145 3303 1269 3395 quibus
1284 3301 1480 3391 disputatur
1494 3305 1614 3368 utrum

272 3409 352 3480 sciri
376 3411 526 3480 debeant
549 3399 754 3480 necessitate
778 3409 896 3494 medii,
921 3431 967 3479 an
992 3409 1201 3478 necessitate
1232 3407 1408 3497 praecepti
1439 3409 1527 3494 (Par.
1555 3409 1613 3492 ll.,

330 3637 376 3734 (1)
397 3641 494 3717 Lugo,
518 3641 611 3712 VIII,
640 3639 707 3712 180,
733 3647 795 3701 etc.
834 3641 914 3700 Saue
969 3643 1115 3698 versetur
1135 3639 1167 3696 iu
1189 3639 1349 3698 occasione
1378 3637 1521 3714 proxima
1545 3654 1614 3712 pec·

272 3722 416 3781 Ohrrstus
437 3721 679 3781 communicavit
701 3721 817 3793 ludam3
844 3721 913 3796 quis
969 3719 1070 3789 candi,
1085 3719 1136 3777 vel
1150 3717 1192 3777 sit
1201 3718 1489 3778 consuetudinarias
1499 3717 1545 3796 (S.
1560 3716 1615 3776 Al·

270 3801 389 3860 dixerit
411 3801 570 3863 Ghristum
594 3817 659 3860 rem
682 3800 794 3861 secisse
816 3805 914 3860 mate·
971 3799 1075 3875 phou,
1099 3797 1153 3869 VI,
1170 3797 1221 3870 89,
1237 3815 1269 3857 v.
1288 3799 1420 3858 Certum
1438 3793 1508 3874 est).

271 3880 399 3940 cialiter
420 3881 552 3940 malaml
1028 3877 1075 3958 (4)
1096 3879 1133 3936 V.
1161 3878 1194 3938 S.
1220 3878 1328 3955 Alph.,
1351 3877 1401 3960 89.
1433 3878 1516 3938 Puta
1537 3878 1563 3936 si
1586 3878 1614 3936 is

330 3957 376 4040 (2)
391 3961 441 4018 Pii
454 3959 522 4032 Vll,
535 3961 734 4031 NovaeLz'e,
752 3959 789 4020 19
803 3959 913 4020 Martii
969 3959 1022 4033 qui
1043 3963 1091 4017 est
1112 3959 1143 4016 in
1165 3958 1258 4018 letali
1279 3959 1359 4018 nolit
1380 3957 1479 4016 elium
1495 3957 1616 4016 coufes-

275 4037 362 4100 1792.
969 4037 1104 4106 sarium,
1138 4056 1194 4096 nec
1224 4039 1261 4097 ad
1296 4039 1405 4096 horam
1435 4041 1612 4114 expectare,

331 4119 375 4200 (3)
397 4121 429 4179 S.
454 4119 562 4195 Alph.,
586 4121 639 4194 VI,
657 4121 706 4180 88.
731 4152 749 4164 -
781 4121 916 4180 Constat
970 4121 1025 4175 aut
1045 4117 1184 4176 venialia
1204 4117 1347 4178 confiteri
1369 4115 1421 4176 vel
1454 4116 1615 4193 indulgen-

270 4197 333 4276 (Ex
354 4199 387 4262 O.
404 4201 434 4268 7,
451 4199 498 4258 De
520 4200 635 4260 Cohab.
656 4201 789 4270 Cleric.;
803 4201 911 4270 croix,
969 4196 1032 4256 tias
1054 4197 1172 4256 lucrari
1196 4197 1289 4257 velit.

269 4278 326 4349 VI,
342 4279 367 4350 I,
383 4280 467 4360 216):
491 4279 596 4354 ltaque
610 4281 637 4340 si
652 4283 688 4340 de
706 4283 761 4340 hoc
777 4280 914 4340 dubitari
1029 4275 1077 4414 (ὅ)
1096 4276 1111 4334 Ι
1134 4275 1294 4346 Corinth„
1315 4276 1370 4350 IV,
1383 4278 1415 4348 23
1439 4279 1547 4345 Suam,
1572 4275 1610 4334 D.

270 4361 379 4436 possit,
404 4359 452 4418 ias
473 4359 537 4420 erit
557 4361 674 4435 petere;
700 4361 767 4419 sive
791 4361 914 4420 dubites
971 4355 1060 4416 XVII
1080 4402 1087 4429 ,
1105 4357 1189 4417 Sect.
1205 4358 1237 4430 23
1253 4359 1350 4433 Lugo,
1368 4357 1453 4429 VIII,
1468 4355 1610 4428 164,193.

270 4455 310 4498 an
333 4439 388 4498 ille
410 4441 587 4515 peccaverit
607 4442 684 4516 quod
707 4441 831 4516 planum
853 4445 912 4512 est,
1030 4435 1078 4596 {63
1098 4435 1130 4494 S.
1148 4437 1257 4514 Alph.,
1276 4437 1330 4507 VI,
1348 4439 1395 4497 43.

269 4519 338 4578 sive
359 4535 398 4576 an
420 4519 610 4595 poenitucrIt
631 4522 708 4596 quod
731 4521 914 4580 credendum
1044 4519 1064 4574 7
1099 4517 1207 4590 croix,
1230 4517 1422 4590 vl‚1,142;
1445 4515 1477 4588 S.
1501 4515 1613 4592 Alph.,

270 4601 320 4659 est
350 4601 448 4675 quoad
480 4603 601 4659 constet
632 4599 821 4676 oppositum
854 4600 916 4662 ulsi
971 4595 1026 4672 v1,
1037 4597 1089 4658 48.
