3576 5120
271 218 333 288 176

330 331 430 414 Nunc
452 345 495 413 de
518 344 743 432 Regularibus
765 343 937 431 agendum
963 345 1063 430 loret;
1090 363 1213 413 verum
1237 343 1318 434 quia
1341 343 1456 413 omnis
1488 365 1608 415 eorum

268 449 429 538 obligatio
454 469 499 518 ex
522 447 614 518 votis
637 469 725 540 quae
748 449 792 518 ab
815 447 897 537 ipsis
921 455 1182 538 nuncupantur,
1199 449 1274 520 sive
1290 447 1516 536 solemnibus
1534 450 1608 520 sive

267 554 491 644 simplicibus
517 553 657 624 initium
681 559 716 622 et
739 559 870 622 statum
894 553 998 642 capit,
1028 542 1172 643 perutile
1196 555 1279 624 duxi
1304 555 1456 625 exordiri
1479 577 1499 626 a
1523 563 1606 626 voto

267 666 304 731 et
326 663 399 732 voti
424 661 643 752 obligatione.
672 659 721 729 Sit
744 659 849 750 igitur

592 239 683 309 tlltlta
707 241 741 286 ll.
760 241 912 286 ··'1'RAC'1'.
935 242 969 288 ll.
996 241 1120 288 rlr..11.
1147 241 1187 286 DE
1211 240 1287 310 VQ'l‘O

734 923 1049 1021 TITULUS
1077 924 1142 1018 H.

839 1098 904 1186 De
928 1099 1047 1168 voto

850 1467 984 1537 CAPUT
1001 1471 1026 1534 Ι.

593 1607 598 1618 ·
648 1645 687 1690 DE
711 1645 781 1689 vor!
806 1643 934 1688 NATURA
959 1643 997 1686 ET
1021 1641 1223 1688 munoribus·

501 1751 583 1854 lar.
609 1787 633 1850 Ι.
665 1785 715 1848 Ec
738 1781 860 1870 quibus
882 1781 952 1847 voti
973 1779 1171 1848 substantio
1193 1781 1368 1846 consistat.

330 1943 403 2011 lat.
431 1943 559 2009 Votum
575 1937 671 2028 (alias
688 1938 912 2023 desideriam,
925 1937 1155 2027 suffragium)
1171 1937 1248 2022 heio
1263 1941 1327 2006 est:
1348 1941 1535 2006 Promisoio
1551 1937 1608 2025 fc-

267 2057 325 2119 ctu
344 2051 408 2115 Deo
424 2048 467 2115 de
482 2045 673 2113 remotiori
690 2046 749 2132 (l).
776 2043 964 2112 Ordinatur
986 2043 1029 2112 ad
1045 2044 1177 2112 cultum
1194 2042 1366 2128 divinum,
1393 2049 1429 2111 et
1443 2050 1496 2112 est
1511 2049 1612 2112 actus

267 2153 390 2224 latriae
410 2155 469 2240 (2).
497 2139 790 2221 Promissio‘baec
814 2148 870 2218 rel
894 2155 946 2216 est
969 2148 1138 2236 gratuita,
1165 2151 1220 2218 vel
1252 2169 1414 2236 onerosa3
1445 2148 1609 2238 gratuitu,

268 2257 485 2349 regulariter,
511 2277 599 2348 quae
625 2263 694 2326 Deo
718 2255 776 2325 fit:
803 2274 947 2324 onerosa
972 2276 1039 2346 qua
1064 2275 1144 2324 eum
1176 2253 1297 2344 primis
1328 2243 1431 2324 alicui
1461 2254 1611 2344 regulari

267 2365 441 2452 lnstituto,
459 2363 516 2432 vel
540 2363 716 2451 religiosae
739 2361 1003 2451 Congregationi
1027 2362 1236 2450 obligamur:
1263 2363 1348 2430 haee
1364 2361 1400 2431 in
1424 2361 1493 2448 illa,
1511 2362 1611 2454 quasi

177 2467 180 2478 '
269 2472 400 2563 species
424 2471 460 2539 in
485 2491 623 2558 genere,
650 2469 862 2555 continetur,
881 2475 917 2539 et
932 2467 1225 2554 strictiusten'et:
1251 2459 1293 2540 de
1317 2471 1526 2556 mesenus,
1553 2468 1612 2540 hic

270 2581 311 2650 de
337 2579 498 2670 gratuita.
538 2581 607 2666 Age
642 2597 748 2662 nunc,
786 2577 943 2646 omnium
979 2575 1261 2666 promissionum,
1299 2576 1505 2668 cuicumque
1540 2577 1613 2646 sint

266 2688 401 2770 laetae,
427 2689 553 2754 natura
584 2684 705 2753 eadem
739 2690 774 2751 ot
805 2683 859 2753 vis
887 2688 923 2752 et
955 2683 1057 2752 ratior
1075 2689 1138 2752 est:
1173 2683 1315 2772 proinde
1355 2689 1477 2753 votum
1508 2691 1612 2772 prout

266 2792 411 2884 quaevis
445 2791 511 2862 alia
546 2791 747 2881 promissio,
783 2789 941 2860 consistit
975 2811 1019 2859 ex
1054 2812 1113 2876 re,
1150 2809 1276 2876 causa,
1314 2797 1506 2882 consensit.
1542 2795 1610 2860 Res

266 2919 355 2990 quae
380 2906 531 2968 vovetur
554 2897 655 2966 debet
682 2918 778 2983 esse,
804 2903 843 2964 ut
867 2897 971 2982 aliae,
997 2896 1251 2984 determinata,
1277 2897 1462 2988 possibilis,
1489 2902 1608 2984 certa,

267 3005 359 3074 haud
386 3003 536 3090 inutills;
563 3009 599 3072 et
621 3003 649 3072 si
674 3024 729 3073 res
752 3003 950 3093 pecuniaria
974 3003 1041 3088 sit,
1068 3003 1104 3072 in
1128 3004 1281 3074 dominio
1306 3003 1480 3074 voventis.
1520 3005 1608 3091 Sed,

267 3111 357 3203 quod
396 3115 449 3180 est
491 3110 668 3201 proprium
708 3109 805 3196 voti,
846 3111 883 3179 in
922 3109 1044 3200 primis
1083 3131 1223 3180 necesse
1263 3118 1328 3196 est,
1373 3117 1413 3178 ut
1453 3109 1499 3179 sit
1537 3117 1609 3182 Deo

266 3223 384 3305 grate,
420 3215 564 3307 ideoque
598 3215 721 3286 melior
743 3237 805 3286 sua
829 3215 985 3305 opposita
1012 3217 1080 3304 (ὅ),
1116 3216 1200 3286 alias
1224 3222 1347 3286 votum
1379 3238 1440 3306 pro
1473 3215 1608 3288 iniecto

267 3470 421 3530 sacerdoti
434 3471 558 3530 tradatl
572 3471 613 3529 Et
628 3487 723 3546 neque
739 3471 910 3546 suspensio·
1025 3467 1071 3549 (3)
1092 3470 1128 3529 Ι).
1151 3470 1224 3540 rh,
1249 3473 1320 3531 Art.
1337 3470 1366 3528 2.
1391 3467 1474 3530 Idest
1496 3431 1610 3530 melior

267 3551 310 3620 ni,
335 3551 406 3625 quia
428 3549 559 3608 clericus
581 3567 639 3607 uon
661 3554 719 3620 est,
740 3568 836 3625 neque
857 3569 910 3608 ex·
964 3569 1000 3608 ea
1021 3567 1099 3624 quae
1119 3549 1290 3610 omittenda
1311 3555 1405 3623 esset,
1429 3551 1466 3608 ad
1499 3555 1607 3609 votum

268 3628 551 3700 communicationi,
564 3629 637 3704 quia
652 3631 763 3688 missas
779 3647 836 3688 non
849 3631 909 3689 col·

266 3710 359 3785 ligit,
382 3725 438 3766 nee
459 3713 668 3768 mercaturam
690 3715 828 3780 exercet,
853 3727 908 3768 nec

266 3791 341 3850 illas
355 3805 409 3864 pro
424 3788 516 3847 libris
530 3793 563 3847 et
584 3788 737 3848 mercibus
752 3789 909 3847 celebran-

266 3871 320 3930 das
341 3868 451 3940 tradit,
475 3869 639 3928 obnoxium
661 3885 728 3928 esse
749 3867 906 3929 existimo

327 3945 373 4028 (1)
394 3950 442 4007 Ex
457 3951 494 4008 D.
512 3951 586 4021 To,
599 3950 630 4023 2,
646 3949 677 4022 2,
689 3949 738 4020 88,
752 3950 820 4009 An.
836 3948 863 4018 l,
876 3949 906 4009 2.

269 4062 286 4075 -
309 4029 386 4096 Dem
408 4027 459 4086 sed
474 4029 536 4088 etsi
546 4033 662 4088 voveat
677 4031 840 4106 Deiparae,
858 4029 909 4089 vel

268 4109 339 4178 SS.,
363 4107 527 4184 promissio
549 4107 633 4168 cadit
660 4110 715 4168 sub
743 4115 817 4169 roto
845 4128 909 4171 ma·

265 4186 438 4258 terialiter,
462 4186 661 4263 inquantum
683 4189 806 4248 scilieet
820 4189 910 4248 homo

266 4273 361 4327 vovet
383 4268 446 4325 Deo
468 4285 499 4326 se
521 4269 722 4344 impleturum
740 4270 818 4344 quod
834 4271 910 4329 San·

267 4348 328 4407 ctis
349 4345 508 4422 promittit
528 4347 578 4426 (D.
602 4349 675 4420 rb,
699 4349 770 4408 5ad
784 4345 827 4426 3).

328 4426 374 4507 (2)
388 4427 485 4494 lsai„
496 4427 582 4497 XIX,
595 4425 645 4500 213
658 4431 696 4488 D.
710 4431 783 4498 Tb,
794 4433 865 4490 Art.
877 4429 906 4489 5.

266 4509 308 4570 Et
329 4509 395 4568 ideo
417 4508 494 4581 quod
516 4509 553 4567 fit
574 4525 612 4566 ex
633 4514 706 4569 voto
721 4509 833 4570 melius
847 4514 907 4580 est,

267 4605 359 4665 quam
380 4589 458 4662 quod
480 4587 547 4646 sine
568 4605 603 4646 eo
619 4587 665 4647 fit.

965 3631 1152 3706 implendum
1167 3629 1295 3710 (Salm,
1314 3630 1361 3700 17,
1380 3628 1408 3699 1,
1425 3627 1488 3708 33).
1513 3629 1607 3701 Nam,

964 3709 991 3768 si
1013 3710 1152 3786 opposita
1173 3714 1222 3769 est
1243 3711 1365 3782 melior,
1389 3725 1506 3768 vovens
1532 3710 1610 3769 obli·

965 3794 1095 3864 geretur
1115 3791 1152 3848 ad
1168 3805 1236 3848 eam
1252 3807 1309 3848 non
1325 3788 1509 3858 faciendam,
1531 3792 1610 3864 quod

966 3869 1123 3928 illicitum
1144 3874 1238 3942 esset3
1262 3870 1310 3928 sin
1331 3886 1399 3945 par,
1423 3870 1546 3928 inutile
1559 3874 1610 3930 est

964 3953 1083 4008 votum.
1118 3948 1234 4008 Verum
1255 3967 1332 4024 quae
1357 3949 1399 4008 sit
1431 3948 1542 4007 melior
1563 3950 1610 4010 in·

965 4031 1086 4089 tendum
1107 4028 1197 4088 varie
1219 4031 1417 4100 aestimatur,
1443 4047 1482 4087 ex
1504 4045 1610 4106 perso·

963 4108 1024 4178 nis,
1047 4115 1198 4186 tempore,
1222 4115 1335 4182 causis;
1352 4116 1386 4168 ut
1400 4127 1483 4178 ecce,
1500 4109 1528 4168 si
1543 4127 1608 4168 mu·

964 4191 1026 4249 lier
1047 4207 1220 4268 praegnans
1240 4191 1355 4251 voveat
1376 4190 1527 4262 ieiunare3
1543 4207 1607 4248 me·

964 4270 1062 4339 dione,
1087 4273 1137 4330 vel
1159 4271 1365 4347 magistratus
1395 4269 1531 4328 orationi
1560 4269 1636 4349 in-⁴

965 4353 1117 4420 cumbere,
1142 4367 1209 4408 cum
1231 4368 1355 4410 necesse
1370 4350 1485 4408 babent
1499 4365 1608 4424 aegro·

963 4428 1019 4498 tis,
1042 4430 1143 4488 causis
1164 4447 1289 4504 operam
1311 4431 1396 4487 dare.
1428 4429 1462 4488 Si
1484 4428 1536 4486 vir·
1556 4447 1609 4487 uo-

964 4519 1038 4569 veat
1065 4511 1177 4568 ducere
1208 4525 1300 4584 quam
1335 4508 1516 4569 defloravit:
1551 4515 1606 4569 aut

965 4587 1088 4660 mulier,
1118 4607 1197 4663 quae
1226 4587 1340 4658 uritur,
1374 4589 1496 4658 nubere,
1531 4585 1608 4648 licet
