3594 5122
376 280 480 326 cnrur
503 281 526 325 r.
555 279 594 325 ne
619 279 669 325 rus
692 279 775 334 oona
799 279 975 326 renrruunr
1002 281 1045 324 an
1069 278 1287 325 rounrraurmr
1436 258 1501 327 275

158 403 268 452 unum
299 383 438 471 signum
462 383 655 452 coalescere
678 387 836 471 oportet,
862 401 1003 451 necesse
1028 386 1206 472 praetcrea
1230 387 1302 467 est,
1328 388 1368 450 ut
1391 382 1502 452 consi-

158 493 254 556 stant
289 507 358 556 una
395 487 509 556 simul.
548 487 799 572 Nihilominus,
825 507 907 556 cum
931 490 996 556 hoc
1019 491 1279 556 sacramentum
1302 485 1501 556 institutum

159 592 204 662 sit
226 593 269 662 ad
292 593 403 663 instar
425 592 555 680 iudicii,
582 614 652 665 non
676 593 788 664 oberit
810 593 839 663 si
863 593 956 664 inter
970 599 1089 662 actum
1105 591 1325 662 contritionis
1348 599 1384 662 et
1406 593 1502 662 abso-

159 697 328 770 lutionem
361 699 498 770 intersit
531 721 627 770 mora
662 699 769 770 etiam
803 699 908 770 unius
942 699 1031 786 diei;
1069 699 1176 770 immo
1200 697 1293 768 bidui
1319 699 1374 768 vel
1399 697 1503 766 tridui
1611 732 1614 742 ·

162 804 191 872 si
215 802 311 872 dolor
334 803 468 875 interea
491 814 695 896 permaneat
717 805 754 876 in
777 806 892 898 aliquo
915 805 1054 891 ellectu,
1074 810 1112 873 ut
1128 812 1210 894 putu
1227 804 1263 874 in
1280 803 1504 874 afflictatione

161 909 333 998 corporis,
370 907 407 980 in
440 911 519 1000 fuga
551 911 789 998 occasionum,
814 911 851 981 in
875 911 1081 981 excussione
1104 910 1170 997 sui,
1197 919 1263 980 etc.
1286 910 1368 998 (18).
1394 915 1504 992 Quae·

160 1017 283 1088 stionis
307 1025 372 1104 est,
397 1023 516 1088 utrum
540 1021 757 1089 confessione
781 1026 933 1110 peracta,
960 1019 1054 1090 dolor
1072 1020 1169 1090 velut
1184 1039 1224 1088 ea
1241 1017 1395 1103 liniatur,
1413 1017 1504 1087 ideo·

161 1145 228 1216 que
264 1131 405 1211 utrum,
443 1125 471 1194 si
508 1125 593 1196 velis
625 1125 782 1196 confiteri
807 1126 943 1211 statim,
970 1147 1004 1194 v.
1031 1146 1078 1210 c.,
1104 1125 1249 1195 oblitum
1273 1123 1421 1216 aliquid,
1449 1123 1504 1192 rel

161 1230 325 1322 postridie
359 1231 474 1302 denuo
510 1230 668 1301 confiteri
697 1231 796 1318 velis,
822 1253 915 1302 novo
939 1232 1054 1302 dolore
1079 1251 1165 1321 opus
1188 1230 1315 1300 habeas
1330 1231 1348 1298 :'
1363 1228 1504 1319 quidam

161 1335 385 1405 communius
420 1344 550 1426 negant
575 1339 666 1426 (29),
703 1339 879 1408 affirmant
902 1338 959 1407 alii
979 1337 1066 1425 (30),
1091 1343 1127 1406 et
1150 1336 1233 1406 illud
1257 1335 1323 1421 Iria,
1349 1337 1415 1404 hoc
1438 1333 1505 1404 illis

162 1443 337 1532 probabile
361 1450 432 1512 est:
458 1446 524 1513 hoc
547 1444 669 1530 lutino,
695 1451 731 1514 et
753 1446 966 1537 sequendum
986 1446 1068 1532 (51).

223 1553 299 1622 516.
318 1557 414 1634 Quae
429 1553 600 1624 hactenus
615 1554 656 1623 de
674 1553 884 1624 contritione
900 1552 973 1622 dixi
990 1553 1031 1622 ad
1048 1551 1162 1622 letalia
1187 1573 1267 1620 cum
1292 1551 1413 1638 primis
1429 1571 1503 1641 per·

159 1658 287 1728 tinent.
316 1657 380 1728 Sed
403 1657 498 1727 etin
522 1658 954 1752 confessionelyenialium
978 1679 1064 1748 opus
1087 1663 1139 1727 est
1170 1657 1382 1726 contritione
1409 1657 1502 1746 (52);

162 1771 215 1850 et,
254 1786 321 1856 qua
355 1765 441 1836 haec
476 1771 528 1833 est
559 1765 704 1835 materia
728 1765 957 1851 sacramenti,
983 1765 1046 1833 suh
1069 1763 1166 1860 grayi
1187 1764 1276 1852 (55),
1303 1763 1447 1853 ideoque
1471 1767 1507 1830 et

163 1869 278 1962 aliquo
313 1871 428 1941 dolore
455 1872 547 1960 (54),
583 1877 619 1942 et
653 1872 827 1962 proposito
854 1873 936 1960 (55).
964 1873 1088 1939 Dolore
1110 1877 1279 1960 concepto
1305 1891 1349 1939 ex
1373 1866 1505 1958 peccati

161 1977 398 2068 turpitudine,
423 1979 480 2047 vel
503 1999 548 2047 ex
573 1985 669 2048 metu
693 1999 899 2068 poenarum,
925 1985 961 2048 et
981 1981 1177 2068 proposito;
1203 1997 1311 2068 eoque
1333 1975 1503 2061 absoluto,
1578 1997 1581 2004 ·

162 2084 244 2175 quia
267 2083 454 2152 minimum
474 2085 600 2174 culpae
624 2085 755 2154 malum
780 2085 892 2155 maius
915 2091 969 2154 est
992 2084 1238 2174 temporalium
1261 2083 1419 2152 omnium
1436 2104 1506 2152 ma-

164 2191 278 2258 lorum
304 2188 470 2259 maximo.
487 2193 530 2260 nt
554 2211 650 2276 vero,
667 2189 749 2282 quia
773 2189 924 2262 venialia
947 2197 1030 2260 sunt
1054 2188 1199 2260 materia
1223 2189 1329 2258 libera
1352 2209 1503 2279 prorsuS,

167 2315 239 2366 non
263 2301 316 2366 est
339 2317 425 2386 opus
449 2317 561 2388 neque
585 2297 721 2384 dolore,
747 2319 859 2390 neque
884 2297 1057 2388 proposito
1081 2295 1291 2384 universali;
1317 2304 1353 2366 et
1376 2297 1505 2367 nedum

162 2402 275 2492 quoad
299 2401 417 2472 omnia
442 2402 605 2488 venialia,
623 2404 714 2494 quod
740 2403 882 2494 planum
907 2411 971 2490 est,
996 2403 1056 2474 sed
1080 2425 1157 2490 nec,
1183 2402 1311 2490 verius,
1329 2403 1441 2494 quoad
1465 2425 1505 2473 ea

166 2507 284 2578 omnia
308 2529 396 2599 quae
428 2508 505 2600 qula
529 2509 718 2579 confitetur
737 2511 818 2598 (56).
845 2515 956 2579 Immo
981 2531 1046 2590 nec
1069 2509 1181 2601 quoad
1198 2508 1331 2597 singula
1348 2508 1505 2578 nomina-

162 2617 227 2686 tim
252 2615 383 2702 -sive,
408 2615 459 2684 uti
483 2616 594 2701 aiunt,
620 2620 659 2684 la
684 2625 774 2685 recto
798 2655 819 2667 -
843 2637 925 2686 nam
949 2616 1031 2685 satis
1055 2622 1107 2686 est
1130 2637 1250 2685 eorum
1274 2615 1505 2708 frequentiam

163 2722 276 2791 dolere
296 2723 379 2810 (57),
404 2743 445 2792 ac
468 2721 611 2812 proinde
635 2743 756 2792 eorum
780 2721 1049 2792 diminutionem
1075 2743 1284 2812 proponere:
1311 2742 1434 2791 verum
1450 2726 1504 2790 tu·

163 3096 271 3158 elicito
302 3095 381 3156 oriri
416 3094 582 3154 confitendi
619 3096 810 3171 propositum
863 3095 969 3153 verior
1003 3095 1145 3166 videtur,
1177 3096 1287 3172 quippe
1326 3095 1382 3154 hoc
1412 3101 1447 3156 ut
1474 3097 1506 3154 in

163 3177 254 3258 (qnod
276 3177 308 3233 in
330 3174 387 3233 illo
400 3173 587 3234 virtualiter
608 3173 807 3253 continetur),
862 3175 969 3234 eadem
996 3173 1205 3244 confessione,
1230 3177 1275 3234 ita
1296 3178 1329 3234 et
1350 3175 1381 3233 in
1403 3177 1506 3235 eodem

165 3275 220 3316 ceu
241 3258 350 3314 tenent
371 3254 450 3313 aliil
469 3252 582 3332 (Lago,
606 3273 636 3313 n.
653 3255 711 3326 4ος
734 3256 809 3332 Spo-
862 3255 966 3313 dolore
996 3254 1189 3327 continetur;
1221 3256 1248 3314 si
1275 3256 1372 3314 denuo
1401 3256 1507 3314 cadem

164 3353 233 3406 rer,
259 3333 343 3412 289).
377 3335 442 3392 Hoc
473 3333 564 3410 louge
585 3335 707 3409 quidem
729 3352 810 3394 com·
863 3333 1052 3405 confitearIs,
1083 3333 1208 3406 altera,
1233 3336 1305 3409 quia
1334 3351 1414 3392 nova
1439 3353 1508 3393 con·

165 3416 286 3474 munius
299 3413 345 3493 (et
360 3413 417 3483 ita,
435 3431 516 3484 v.c.,
529 3413 636 3473 audita
650 3416 805 3487 concione,
864 3411 958 3472 fessio
979 3417 1027 3472 est
1048 3429 1125 3489 quae
1147 3416 1184 3472 ad
1207 3413 1341 3490 priorem
1370 3415 1508 3474 nullate-

166 3495 272 3554 evenit
293 3493 440 3570 passim),
471 3495 522 3552 aad
546 3493 624 3552 illud
643 3495 754 3564 tutius,
778 3501 810 3555 et
863 3509 918 3550 nus
946 3493 1081 3569 pertinet
1109 3493 1161 3574 (V.
1185 3495 1296 3570 Spor.,
1320 3494 1399 3565 298,
1421 3493 1506 3574 299).
1623 3495 1626 3502 “

165 3575 232 3634 ideo
254 3575 324 3632 liez'c
346 3577 420 3630 ante
441 3571 665 3632 confessionem
687 3573 809 3632 omnino
863 3571 952 3632 Belle
979 3573 1055 3631 haec
1083 3574 1140 3632 duo
1162 3573 1310 3634 distinxit
1332 3575 1505 3648 Henriquez

164 3654 329 3716 tenendum
351 3655 400 3710 est
420 3649 467 3732 (S.
491 3651 600 3728 Alph,
624 3653 679 3725 VI,
702 3652 786 3731 447).
863 3651 932 3732 (IV,
959 3652 1011 3722 28,
1033 3651 1062 3710 7.
1081 3684 1098 3696 -
1115 3653 1153 3713 V.
1177 3654 1285 3724 Oroix,
1307 3653 1384 3724 7113
1407 3651 1507 3729 Lago,

226 3731 294 3812 (28)
315 3733 348 3790 8.
373 3731 482 3808 Alpi,
507 3731 561 3802 VI,
585 3733 655 3796 446.
680 3735 757 3792 Dum
772 3751 810 3791 ne
864 3731 949 3800 XIV,
972 3732 1030 3803 24,
1054 3731 1143 3812 etc).

165 3811 293 3872 interim
324 3811 478 3872 reincidat
499 3813 531 3870 in
553 3811 664 3872 letalia
685 3811 807 3890 (Groix,
923 3811 1050 3892 (32)'V.
1075 3815 1179 3884 Suam,
1202 3813 1254 3883 29,
1277 3811 1307 3884 5,
1330 3813 1369 3884 63
1399 3811 1506 3885 Groix,

165 3892 222 3961 VI,
246 3890 288 3961 II,
311 3888 396 3967 714).
864 3891 919 3964 Vl,
943 3892 984 3961 ΙΙ,
1007 3889 1078 3952 682.

226 3967 292 4061 (29)
313 3971 350 4028 V.
375 3972 407 4029 S.
434 3971 540 4047 Alph.,
565 3969 619 4041 VI,
636 3973 706 4031 448.
737 3972 810 4030 Sen-
936 3971 990 4125 333
1012 3973 1109 4049 Lago,
1134 3971 1218 4043 XIV,
1244 3971 1313 4032 109.

165 4055 301 4111 lentiam
322 4049 401 4108 hanc
416 4051 532 4126 Sporer
546 4054 578 4110 at
593 4051 682 4111 Elbel
697 4057 811 4110 vocant
937 4051 976 4109 34
1011 4049 1109 4128 Lago,
1133 4051 1190 4122 IX,
1212 4052 1263 4110 23.

165 4129 458 4206 probabilissimam,
476 4130 632 4188 Bouaciua
648 4131 811 4190 moraliter
924 4129 989 4208 (35)
1010 4129 1108 4208 Lago,
1132 4131 1217 4202 XIV,
1235 4131 1293 4190 127
1303 4150 1311 4202 ;
1328 4129 1436 4202 Oroix,
1452 4131 1506 4204 VI,

166 4215 301 4268 certam.
864 4209 906 4279 II,
929 4209 999 4271 914.
1017 4211 1135 4288 Nempe
1150 4211 1267 4270 efficaci
1281 4212 1402 4292 (Groix,
1422 4213 1443 4270 l.
1461 4230 1511 4282 c.;

224 4287 291 4368 (30)
312 4287 450 4361 Holzm.,
481 4309 511 4349 n.
545 4289 625 4362 5113
659 4291 808 4362 Billuar.,
864 4288 962 4365 Lugo,
986 4290 1072 4361 XIV,
1097 4289 1178 4369 128),
1193 4308 1264 4350 nam
1280 4291 1362 4350 alius
1376 4298 1430 4366 qul
1444 4309 1511 4367 pro·

167 4369 251 4430 Diss.
264 4369 378 4442 anm.
395 4369 425 4440 8,
443 4387 473 4428 n.
491 4370 527 4441 3;
544 4370 673 4440 Remea,
690 4389 719 4430 n.
736 4370 808 4430 287.
864 4369 1022 4445 posituml

224 4447 290 4527 (31)
312 4448 417 4519 Graiu,
442 4449 505 4521 VI,
529 4449 576 4522 II,
598 4449 676 4524 7123
700 4452 732 4512 S.
756 4451 810 4510 Al·
924 4449 1109 4528 (36),Lugo,
1124 4450 1209 4522 XIV,
1223 4449 1292 4522 118,
1311 4451 1387 4525 129;
1404 4450 1511 4522 Oroix,

163 4529 271 4605 phou,
295 4529 336 4600 II,
359 4529 428 4588 448.
449 4529 542 4601 Mihi,
559 4531 587 4590 si
602 4530 733 4591 oblitum
755 4531 812 4591 ali·
864 4529 936 4590 902.

163 4610 241 4683 quod
264 4609 406 4668 confiteri
428 4610 521 4680 velis,
539 4611 639 4686 prima
656 4611 811 4670 sententia
925 4609 991 4692 (37)
1013 4613 1045 4672 8.
1070 4609 1178 4688 ΑΙρΙι.,
1202 4610 1257 4682 VI,
1280 4611 1352 4683 449,
1375 4611 1406 4669 d.
1431 4609 1461 4669 2.

272 4774 300 4817 D'
311 4779 458 4820 Annranna.
473 4779 617 4821 &ramaclo
635 4778 721 4820 Theoi.
736 4786 805 4820 mor.
821 4775 876 4821 Vol.
892 4778 934 4820 111.
1381 4775 1406 4816 18
