3536 5124
187 289 190 300 ·
296 247 361 316 511
490 267 579 314 61666
603 269 649 313 ur.
668 285 688 296 -
705 269 821 314 raacr.
848 269 890 314 ιν.
917 269 957 319 us
981 269 1189 316 saucrrssnm
1214 267 1427 314 nucnnrusrm

181 375 188 390 “
296 371 440 457 166666,
461 371 516 442 vel
540 370 832 440 communicando
858 369 1032 442 abstinere
1048 391 1200 463 nequeas
1224 370 1311 440 citra
1333 367 1523 459 periculum
1540 389 1640 438 scan-

297 480 379 568 dali,
406 481 461 549 vel
486 479 652 548 infamiae
679 480 760 566 (15).
829 557 831 560 .

355 587 432 656 109.
460 591 502 654 Et
539 585 624 654 haec
656 590 782 654 tenent
805 605 938 671 omneS,
965 585 1041 655 sive
1077 585 1232 672 clericae,
1258 585 1332 654 sire
1367 583 1483 652 laicos.
1511 587 1639 650 Verum

296 693 456 764 sacerdos
479 693 507 762 si
531 696 729 762 necessitate
753 701 901 780 serpente
923 691 1050 783 absque
1075 692 1215 782 praevia
1250 689 1467 761 confessione
1490 688 1642 758 celebra-

297 801 401 886 verit,
428 819 568 869 necesse
592 799 696 868 hahet
719 797 877 868 coniiteri
906 803 1174 888 quamprimum
1199 821 1244 868 ex
1268 797 1419 866 trident.
1450 797 1516 884 (14)
1543 814 1642 883 prac-

298 915 398 997 cepto
425 910 506 998 (16).
537 910 829 994 Ouornprimunt;
855 905 1011 998 ideoque,
1037 927 1107 975 non
1132 927 1212 975 cum
1236 925 1297 973 suo
1327 914 1479 992 ternpore
1501 905 1640 996 eonfite-

229 1017 230 1020 ’
299 1015 393 1084 dit-ur
420 1017 500 1104 (16),
526 1015 616 1105 quod
641 1015 741 1103 plane
767 1011 949 1082 ridiculum
973 1019 1038 1098 est,
1064 1033 1129 1083 nec
1153 1033 1232 1082 cum
1257 1012 1408 1102 primum
1432 1011 1559 1080 iterum
1584 1033 1640 1081 66-

299 1123 410 1192 lebret
428 1123 511 1210 (17),
529 1121 588 1190 sed
604 1141 684 1190 cum
702 1118 850 1208 primum
876 1119 1003 1208 poterit
1021 1119 1087 1206 (18)
1107 1118 1181 1188 6166
1199 1117 1419 1188 incommodo
1439 1117 1536 1206 gravi
1555 1118 1636 1204 (19).
1746 1111 1747 1114 ’

301 1233 372 1298 Nec
394 1227 498 1313 illico,
524 1226 583 1296 sed
607 1225 643 1294 in
666 1225 768 1294 hiduo
797 1223 957 1294 triduove
981 1225 1139 1314 proximo
1163 1225 1250 1312 (16);
1277 1222 1344 1292 6161
1379 1221 1520 1292 interim
1554 1223 1641 1292 velit

299 1333 426 1402 iterum
466 1333 651 1418 celebrare,
677 1339 737 1400 661
766 1339 884 1422 666166
919 1330 1129 1401 confessario
1152 1331 1197 1399 sit
1230 1330 1402 1400 cariturus
1428 1329 1510 1418 (11).
1536 1335 1643 1399 Porro

299 1440 385 1509 haec
408 1441 464 1508 lex
488 1440 531 1508 ad
554 1439 660 1510 laicos
684 1461 753 1509 non
777 1439 928 1529 pertinet
950 1439 1038 1532 (11);
1065 1437 1207 1527 proinde
1231 1458 1301 1506 non
1325 1442 1423 1506 tenet
1445 1435 1643 1506 sacerdotes

300 1547 763 1639 6666661666166,661666
797 1546 894 1637 quasi
922 1545 1000 1616 laici
1030 1545 1295 1615 communicant
1320 1545 1401 1632 (15).
1427 1549 1539 1612 Immo
1574 1561 1641 1611 nec

300 1673 422 1723 omnes
445 1653 652 1738 6666616166,
678 1654 736 1722 661
759 1659 980 1723 ecstantum
1003 1652 1074 1742 qui,
1104 1654 1165 1737 l⁰.,
1190 1651 1284 1720 letali
1308 1647 1372 1719 sibi
1395 1648 1525 1718 conscii
1549 1650 1641 1716 6616-

19 1749 82 1868 ἵν’1
170 1829 171 1832 ,
299 1759 493 1845 1166666161,
530 1759 618 1828 16661
651 1761 694 1828 ad
728 1759 974 1829 celebrandum
1008 1763 1216 1828 accesserint
1242 1759 1331 1846 (14);
1357 1758 1422 1840 11,
1441 1759 1643 1824 necessitate

300 1873 467 1952 serpente:
494 1866 637 1957 ideoque
671 1887 730 1936 eos
753 1886 824 1937 non
859 1871 958 1935 tenet
983 1869 1039 1954 (ex
1065 1867 1128 1953 l⁰.)
1152 1866 1210 1956 qui
1246 1864 1346 1933 letale
1378 1864 1434 1931 vel
1470 1860 1640 1931 recordati

301 1973 444 2058 luerint,
460 1975 516 2043 vel
540 1975 744 2043 admiserint
763 1973 824 2042 vix
837 1980 914 2064 post
937 1973 1077 2042 missam
1092 1973 1289 2062 incoeptam
1316 1971 1382 2059 (16)
1394 1967 1411 2056 ;‘
1423 1989 1489 2037 nec
1501 1971 1559 2056 (cx
1575 1969 1641 2054 2⁰.)
1747 2059 1748 2066 ἵ

300 2098 359 2149 666
382 2078 440 2170 qui
464 2085 625 2169 poterant
641 2081 697 2149 vel
720 2079 890 2165 conliteri,
909 2080 965 2148 vel
988 2101 1008 2148 a
1032 2077 1236 2148 celebrando
1259 2075 1444 2158 abstinere,
1470 2073 1638 2166 quianon

301 2205 345 2253 ex
370 2185 576 2256 necessitate
600 2185 832 2270 celebrarunt,
857 2185 916 2255 sed
939 2186 976 2254 in
999 2185 1084 2274 legis
1107 2188 1347 2272 contemptum
1374 2183 1456 2270 (16).

358 2290 436 2359 416.
457 2292 566 2361 Venio
582 2292 625 2361 ad
640 2291 882 2382 dispositiones
893 2313 981 2386 quae
997 2311 1121 2381 corpus
1136 2296 1313 2380 spectant:
1332 2309 1377 2357 ex
1393 2287 1446 2356 his
1469 2307 1510 2354 66
1527 2285 1641 2374 potior
1740 2290 1748 2356 i

300 2399 365 2480 661,
392 2401 431 2464 61
453 2395 482 2465 16
506 2396 564 2488 qui
599 2397 846 2484 communicat,
872 2398 1017 2489 ideoque
1041 2405 1076 2466 et
1099 2399 1127 2465 is
1150 2396 1208 2486 qui
1239 2394 1402 2478 celebrat,
1428 2393 1473 2461 sit
1494 2389 1641 2461 omnino

301 2501 448 2571 ieiunus.
475 2509 568 2572 Haec
591 2505 754 2574 ecclcsiae
778 2505 919 2596 quidem
942 2505 999 2574 lex
1022 2510 1087 2590 est,
1113 2503 1171 2572 sed
1195 2501 1417 2591 gravissima;
1443 2505 1479 2568 et
1507 2499 1639 2568 nullam
1747 2583 1748 2588 1

301 2609 468 2678 materiae
493 2611 701 2700 parvitatem
733 2612 885 2702 recipere
909 2617 1031 2682 notum
1057 2617 1119 2680 est.
1147 2609 1318 2678 Ieiunium
1340 2613 1456 2676 autem
1481 2605 1641 2674 naturale
1746 2667 1748 2692 2

300 2718 385 2804 (non
409 2717 692 2806 ecclesiasticum)
720 2719 796 2788 heic
823 2717 1023 2808 accipimus.
1050 2725 1122 2787 lloc
1146 2715 1274 2804 frangit
1297 2713 1355 2805 qui
1380 2719 1457 2802 post
1488 2709 1640 2779 mediam
1746 2727 1748 2756 ³

302 2827 441 2892 noctem
465 2824 573 2892 sumit
595 2825 734 2916 aliquid,
761 2828 816 2896 vel
841 2825 1040 2910 minimum,
1066 2846 1127 2914 per
1163 2823 1305 2892 modum
1329 2820 1410 2905 cibi,
1436 2821 1492 2888 vel
1525 2827 1639 2908 potus,

300 2932 356 2999 vel
383 2931 485 3022 (quod
508 2931 545 3001 in
568 2935 774 3003 alterutrum
799 2933 932 3022 recidit)
957 2931 1149 3002 medicinae
1177 2931 1257 3019 (17).
1285 2930 1363 2998 1666
1388 2948 1433 2995 66
1455 2925 1532 3017 quis
1557 2925 1641 2994 ieiu-

380 3249 429 3327 l3)
452 3253 484 3310 S.
509 3251 617 3328 111616,
640 3250 695 3324 VI,
717 3249 788 3321 265,
811 3269 840 3326 q.
865 3249 894 3306 3.
997 3249 1108 3321 Vosq,
1130 3247 1217 3322 Lugo
1238 3245 1281 3326 (6.
1308 3243 1392 3323 139);
1419 3245 1470 3303 sed
1492 3244 1550 3304 alii
1584 3245 1641 3303 hoc

378 3330 427 3411 14)
445 3330 944 3409 Τ616.,ΧΙΙΙ,6.7;1166611166,
998 3328 1110 3386 merito
1131 3329 1256 3385 dubium
1277 3329 1387 3402 putant
1400 3323 1522 3404 (Groix,
1538 3325 1595 3396 VI,
1613 3326 1641 3394 Ι,

301 3412 349 3473 De
369 3411 508 3479 Desect,
528 3411 615 3484 VIII,
638 3412 669 3482 2,
692 3411 721 3468 3.
997 3405 1080 3484 549),
1097 3408 1169 3481 quia
1192 3423 1280 3464 casus
1294 3405 1565 3464 extraordinarius
1579 3412 1640 3464 est.

378 3491 428 3570 15)
448 3491 541 3551 Alex.
565 3492 636 3559 VII,
660 3490 726 3549 38.
1058 3486 1123 3566 (24)
1144 3489 1241 3562 Lago,
1267 3486 1352 3555 XIV,
1377 3485 1446 3552 144,
1470 3485 1539 3544 145.

379 3571 430 3728 16)
451 3571 544 3632 Alex.
568 3572 639 3642 VII,
663 3572 712 3631 39.
1057 3567 1124 3660 (25)
1158 3569 1274 3640 Vasq.,
1305 3563 1408 3642 Lago,
1436 3563 1528 3636 XIV,
1560 3564 1640 3635 1463

363 3649 413 3730 (11
450 3652 547 3730 Lugo,
571 3653 657 3724 XIV,
681 3651 750 3712 160.
775 3651 893 3726 Nempe
917 3649 944 3708 si
998 3647 1112 3719 Grorx,
1137 3647 1196 3716 VI,
1220 3647 1251 3715 1,
1275 3647 1344 3706 548.
1369 3646 1410 3706 Et
1438 3643 1641 3704 manifestum
1711 3692 1722 3731 ὅ

302 3751 360 3792 666
383 3735 483 3792 soleat
505 3735 663 3792 celebrare
683 3732 832 3806 quotidie.
996 3734 1045 3787 661
1083 3745 1122 3787 ex
1154 3728 1251 3786 Rubr.
1283 3727 1393 3796 Miss,
1424 3726 1471 3785 116
1501 3725 1643 3799 1161661,
1713 3746 1737 3803 ,-

378 3815 426 3885 18)
447 3813 545 3872 Rubr.
570 3811 639 3881 611,
663 3829 693 3870 6.
717 3811 746 3870 3.
997 3807 1092 3880 VIII,
1116 3811 1144 3867 4.
1713 3806 1723 3865 '':

378 3893 427 3972 19)
449 3895 481 3954 8.
506 3891 614 3969 Α166.,
636 3893 691 3962 VI,
714 3891 783 3951 266.
1056 3888 1123 3968 (26)
1145 3889 1250 3955 8666,
1273 3885 1324 3955 66,
1346 3887 1378 3955 7,
1403 3887 1433 3943 16
1455 3885 1487 3943 11.
1511 3884 1642 3944 -Com-

362 3973 429 4054 (20)
451 3975 548 4050 Lugo,
572 3972 657 4042 XIV,
684 3972 758 4044 1633
782 3971 814 4029 S.
832 3969 942 4044 141616,
997 3971 1200 4028 serenissima
1220 3967 1266 4046 (8.
1287 3967 1394 4042 Alpa,
1419 3966 1473 4036 VI,
1491 3965 1560 4035 266,
1585 3966 1638 4044 V).
1746 4021 1748 4046 Ι

304 4054 325 4112 1.
350 4072 391 4124 6.,
405 4073 444 4112 ex
467 4055 502 4112 L.
520 4051 665 4123 3,(1.116
688 4053 803 4110 Error.
820 4051 941 4108 Advoc.
997 4049 1129 4111 Scilicet
1150 4049 1202 4106 lex
1224 4048 1273 4106 his
1295 4046 1396 4122 magis
1425 4045 1642 4105 6616166666·

373 4131 426 4210 21)
447 4135 545 4210 Lago,
569 4133 653 4202 XIV,
679 4133 746 4201 162,
772 4129 839 4190 163.
997 4135 1056 4198 661,
1079 4134 1111 4189 61
1132 4131 1257 4189 occasio
1287 4135 1375 4185 certo
1396 4143 1481 4184 6666
1511 4128 1641 4200 peccota·

374 4211 427 4292 22)
450 4216 482 4274 S.
503 4214 611 4289 11616,
633 4213 688 4282 VI,
709 4213 781 4272 268.
997 4211 1118 4286 absque
1132 4228 1188 4284 spe
1202 4211 1332 4284 fructus
1343 4205 1455 4287 (hugo,
1467 4205 1554 4276 XIV,
1567 4205 1638 4278 15o;
1735 4250 1741 4293 ;

362 4294 428 4376 (23)
450 4296 547 4370 Lugo,
580 4293 665 4366 XIV,
691 4292 758 4364 138,
789 4291 857 4352 139.
885 4290 942 4350 Sed
996 4290 1034 4348 V.
1060 4292 1092 4348 S.
1117 4289 1224 4365 Alph.,
1251 4289 1271 4347 1.
1295 4288 1349 4366 6.).
1732 4289 1748 4370 ,ξ

302 4391 340 4432 66
362 4381 468 4436 166661
490 4391 557 4432 eum
580 4373 632 4450 qui
650 4373 788 4432 celebrat
809 4373 841 4431 in
863 4371 944 4430 seria
1056 4367 1122 4450 (27)
1143 4370 1255 4442 116116,
1283 4369 1329 4428 De
1359 4365 1572 4441 1161661.,1Χ,
1608 4363 1635 4423 l.
1734 4375 1748 4434 1

301 4453 356 4514 VI.
381 4456 492 4514 Maior.
517 4455 619 4526 hebd,
638 4453 689 4513 vel
712 4470 779 4512 eum
801 4453 854 4528 qui
875 4467 943 4529 per·
996 4451 1128 4527 Tempus
1158 4454 1260 4508 eutem
1291 4451 1487 4524 computetur
1515 4448 1552 4504 de
1575 4462 1639 4502 mo-

302 4533 370 4594 ficit
392 4536 518 4594 missam
539 4533 672 4594 alterius
697 4538 764 4610 post
785 4549 944 4592 consecra·
995 4536 1099 4591 mento
1130 4531 1166 4590 ad
1198 4533 1386 4590 momentum
1406 4527 1522 4606 (Prol.,
1545 4527 1564 4600 ἓ
1584 4525 1635 4596 39,

302 4615 417 4675 tionem
439 4614 631 4675 deficientis?
651 4615 815 4674 Affirmant
838 4615 942 4687 8666,
995 4631 1026 4672 n.
1052 4611 1104 4684 153
1129 4611 1161 4670 S.
1179 4610 1287 4687 Alph,
1312 4607 1366 4682 IV,
1389 4606 1473 4686 282).
