3594 5122
1478 271 1556 340 alr.

200 396 293 486 quod
324 395 479 466 Christus
510 393 582 464 lieri
614 396 709 482 vult3
743 393 799 464 vel
834 395 957 464 saltem
988 395 1079 486 quod
1112 395 1196 464 iacit
1227 393 1375 464 Ecclesia
1408 396 1439 483 (g
1464 396 1542 480 tel,

202 522 237 570 n.
269 501 315 588 l),
342 500 470 570 mentis
495 502 575 569 Eius
598 497 702 587 probe
726 499 876 570 conseia.
905 503 1053 572 atvero
1078 499 1228 570 intentio
1253 499 1386 569 Nostris
1409 499 1475 569 alia
1492 499 1545 568 in-

201 612 303 676 terna
326 611 391 690 est,
416 603 482 674 alia
506 611 665 674 externa.
692 610 844 674 interno
868 605 1016 676 habetur
1038 605 1173 696 quoties
1203 605 1375 692 minister,
1404 605 1542 696 quando

203 710 337 802 perlicit
361 717 633 796 sacramentum,
660 710 694 779 id
717 712 852 780 efficere
877 713 964 797 rult,
989 713 1080 804 quod
1097 733 1137 782 eo
1159 717 1378 781 sacramento
1395 710 1544 780 efficien-

204 817 287 888 dum
312 823 376 905 est,
403 817 551 886 hahetur
573 825 721 886 exorno
744 818 884 908 quando
906 839 1047 888 omnem
1072 817 1179 887 ritum
1203 823 1390 888 externum
1406 815 1478 886 obit
1493 835 1544 884 se-

205 925 268 1008 rio,
294 929 330 994 et
351 922 449 1015 quasi
474 924 636 1020 minister
661 924 843 994 Ecclesiae.
870 923 903 992 si
927 924 957 992 is
980 923 1084 1013 igitur
1112 929 1297 1015 utramque
1327 925 1545 994 voluntatem

205 1031 343 1116 habeat,
369 1033 629 1100 sacramentum
654 1033 760 1119 valet3
787 1029 815 1100 si
840 1037 1015 1116 neutram,
1041 1051 1111 1101 non
1136 1031 1242 1101 valet:
1268 1038 1313 1100 ut
1330 1051 1410 1101 ecoe
1431 1031 1459 1100 si
1477 1029 1544 1099 ioci

207 1157 310 1208 causa
334 1136 497 1223 baptizet,
522 1137 680 1205 absolvat
698 1137 813 1224 (llztsi
838 1137 1013 1207 internam
1035 1147 1190 1222 ,tontum
1217 1136 1311 1205 valet
1333 1135 1446 1205 adhuc
1474 1137 1541 1224 (5):

203 1243 232 1312 si
256 1252 396 1312 tontum
420 1248 616 1328 externam,
643 1243 798 1334 quaestio
822 1244 905 1314 olim
929 1243 1074 1333 insignis
1097 1249 1133 1312 et
1165 1243 1280 1332 gravis
1315 1242 1393 1328 luit,
1431 1261 1544 1332 neque

203 1349 315 1418 adhuc
340 1348 479 1438 penitus
501 1349 672 1440 dirempta
696 1357 760 1420 est.

422 291 526 338 CAPUT
551 293 572 337 l.
597 292 708 347 QUIBUS
731 293 945 338 SAGEAMENTA
969 293 1000 338 N.
1027 295 1057 340 Τ.
1085 293 1315 339 aaarlclaurun

263 1457 340 1524 alu.
368 1461 471 1525 Porro
495 1457 586 1528 inter
611 1477 733 1526 omncs
755 1456 935 1542 convenit,
960 1463 996 1526 et
1018 1456 1254 1526 certissimum
1279 1465 1343 1542 est,
1377 1456 1414 1525 in
1439 1454 1542 1524 mini·
1628 1465 1630 1468 ’
1745 1507 1749 1515 ‚

203 1567 275 1632 stro
305 1561 432 1653 requiri
468 1567 697 1632 intentionem
728 1564 851 1632 sallent
884 1563 1044 1652 faciendi
1076 1587 1155 1642 ouon
1184 1587 1279 1632 racrr
1303 1587 1451 1634 recissis
1479 1567 1543 1653 (6);

202 1667 359 1759 quaestio
382 1668 487 1756 igitur
512 1669 596 1738 hacc
619 1689 693 1739 esse
716 1670 830 1754 debet,
856 1669 936 1761 quid
959 1669 1065 1739 iaciat
1091 1669 1252 1757 Ecclesia;
1278 1674 1396 1738 utrum
1414 1689 1539 1758 nempe
1583 1709 1585 1712 -

204 1777 345 1863 peragat
367 1775 474 1844 ritum
498 1774 682 1844 dumtaxat
703 1783 904 1861 externum,
930 1777 980 1844 uti
1005 1777 1120 1845 visum
1145 1775 1342 1864 Catharino;
1368 1797 1413 1845 an
1439 1775 1546 1844 inter·

205 1901 290 1949 num
312 1899 448 1972 quoque
472 1881 682 1951 sacramenti
706 1882 870 1952 ellectum
894 1889 1056 1972 praestet.
1086 1888 1126 1950 Et
1148 1883 1304 1973 quaestio
1328 1883 1414 1952 haec
1441 1903 1544 1971 expe-

202 1985 274 2054 dita
298 1993 362 2054 est:
389 1987 583 2078 namquid,
601 1989 712 2072 audeo,
743 1991 913 2058 Ecclesiae
925 1989 1153 2078 appellatione
1170 1987 1406 2078 significatur?
1421 1989 1546 2078 Utique

206 2091 355 2162 Minislri
379 2091 453 2162 eius
472 2093 531 2180 (7).
559 2097 614 2178 at,
640 2115 779 2185 quaeso,
805 2093 886 2186 quid
911 2094 995 2163 lacit
1025 2093 1195 2178 minister,
1226 2114 1260 2162 v.
1293 2114 1346 2182 p,
1379 2113 1459 2161 eum
1488 2093 1547 2162 ab·

205 2200 331 2294 solvit?
357 2206 397 2268 Et
420 2202 587 2290 proiecto,
613 2201 641 2269 si
665 2203 776 2271 iorma
800 2206 897 2270 caret
912 2200 1106 2286 mendacio,
1125 2205 1266 2289 peccata
1284 2198 1440 2268 dimittit.
1461 2205 1547 2287 Ergo

205 2307 357 2377 Ecclesia
381 2329 452 2378 non
479 2307 610 2396 peragit
633 2309 744 2376 solum
769 2307 874 2376 ritum
899 2314 1098 2394 externum3
1125 2306 1269 2397 ideoque
1302 2305 1460 2374 minister
1488 2303 1547 2396 qui
1612 2369 1615 2378 ,

206 2413 277 2482 sola
301 2421 447 2482 externa
472 2413 669 2482 intentione
692 2412 813 2498 utitur,
841 2434 911 2482 non
936 2412 1020 2482 lacit
1042 2411 1133 2500 quod
1157 2411 1241 2482 lacit
1272 2411 1444 2481 Ecclesia:
1471 2431 1547 2499 pro·
1643 2415 1646 2420 ’

206 2517 286 2588 inde
310 2518 338 2587 si
362 2518 392 2588 ei
418 2518 632 2607 propositum
656 2519 713 2605 sit,
739 2541 769 2588 e.
797 2541 844 2609 g.,
870 2519 953 2588 dum
977 2524 1169 2602 consecrat,
1197 2538 1241 2586 cx
1264 2516 1395 2586 duabus
1427 2515 1549 2586 hostiis

205 2623 297 2694 hanc
320 2631 471 2710 lantum,
498 2646 568 2694 non
593 2624 701 2712 illam,
739 2647 955 2716 consecrare;
992 2629 1074 2694 dum
1099 2623 1249 2708 ordinat,
1283 2643 1341 2692 eos
1364 2644 1435 2692 non
1459 2621 1548 2691 ordi·

206 2751 290 2806 nare
314 2729 372 2822 qui
396 2733 485 2800 iorte
509 2732 561 2800 sui
585 2731 712 2800 subditi
736 2753 807 2802 non
832 2733 914 2820 sint;
941 2732 968 2800 si
993 2729 1142 2801 absolvit
1165 2731 1228 2800 sub
1252 2729 1317 2798 hac
1340 2727 1445 2798 tacita
1464 2749 1546 2797 con-

205 2838 336 2908 ditione
352 2879 373 2890 -
387 2843 419 2908 st
435 2843 629 2908 restitueris
644 2871 677 2925 -·,
697 2861 767 2909 non
792 2847 975 2910 consecrat
994 2841 1053 2930 (8),
1072 2861 1143 2910 non
1161 2839 1298 2910 ordinat
1316 2842 1376 2928 (9),
1395 2859 1466 2908 non
1489 2839 1548 2908 ah·
1622 2855 1624 2862 ’

265 3105 311 3186 (4)
332 3107 488 3177 Trident.‚
520 3107 605 3178 XIV,
634 3108 681 3167 Dc
709 3109 849 3176 Poeuit„

207 3187 282 3246 Gan.
298 3187 328 3247 9.
353 3219 370 3231 -
393 3187 451 3246 Vel
472 3187 621 3264 exempli,
645 3195 699 3248 aut
713 3188 849 3248 devotio·

206 3265 256 3325 nis
277 3267 397 3342 gratia:
432 3272 541 3343 utputa
568 3266 596 3326 si
624 3269 774 3344 parochus
804 3267 850 3326 in-

207 3345 326 3406 fantem
347 3364 419 3405 mox
441 3353 548 3406 natum
569 3347 692 3420 abluat,
719 3367 777 3406 non
799 3350 849 3406 ba-

206 3426 392 3502 ptizaturus,
418 3427 469 3486 sed
492 3433 526 3485 ut
550 3429 725 3503 baptizandi
754 3428 849 3486 ritum

207 3505 408 3566 obstetricem
438 3509 562 3576 doceet3
595 3509 647 3567 vel
679 3509 705 3566 si
729 3507 847 3580 nutrix,

206 3583 277 3643 dum
298 3603 424 3663 puerum
448 3603 535 3645 mane
560 3587 596 3644 de
623 3605 708 3645 more
737 3588 847 3658 abluit,

207 3663 291 3724 dieat
312 3683 330 3724 c
353 3681 408 3742 ego
429 3671 461 3727 te
483 3667 555 3725 lavo
585 3666 616 3724 in
645 3667 766 3724 nomine
792 3669 850 3727 Pa·

207 3744 280 3814 tris,
298 3753 359 3803 etc.
378 3766 406 3804 s.

266 3823 312 3905 (5)
332 3822 431 3902 Lugo,
457 3825 548 3896 VIII,
572 3825 622 3886 20.
649 3826 692 3884 Ut
718 3843 799 3897 ecee,
823 3827 850 3885 ai

208 3901 277 3975 quis
313 3905 442 3965 infantis
477 3905 640 3975 morituri,
678 3905 850 3964 infidelium

209 3982 282 4055 tilii,
306 3992 397 4061 caput
419 3985 505 4044 lavet
526 3986 615 4059 quasi
636 3986 665 4044 ei
694 3987 852 4062 purgatio·

206 4079 275 4121 nem
298 4072 352 4124 aut
374 4066 559 4124 medicinam
582 4065 718 4135 faciens,
749 4070 782 4124 et
802 4068 851 4124 de-

207 4144 307 4203 mlesa
328 4161 403 4202 voce
424 4145 552 4204 interim
567 4146 666 4203 dicat:
684 4161 740 4221 epo
756 4152 786 4204 te
800 4147 853 4204 ba-

203 4225 313 4298 ptiza,
342 4233 399 4284 etc.
441 4222 558 4304 (Lugo,
592 4243 620 4282 n.
650 4224 705 4297 213
740 4226 849 4302 Serry,

213 4301 398 4382 Vindictae,
420 4305 493 4380 (lap.
522 4302 571 4376 15,
587 4305 618 4376 33
642 4305 715 4382 Gap.
741 4303 788 4377 16,
806 4305 849 4386 4).

267 4383 313 4462 (6)
334 4385 436 4456 Trid,
470 4384 538 4456 VII,
564 4385 640 4444 Oen.
659 4383 707 4444 ll.
733 4386 851 4464 Nempe

210 4459 393 4523 Catholicae:
414 4466 465 4523 sed
488 4465 514 4526 si
536 4465 605 4538 quis
626 4463 730 4522 iacere
752 4467 853 4525 inten-

128 4563 129 4566 ’
207 4542 262 4602 dat
275 4546 353 4619 quod
368 4543 433 4603 alia
443 4543 787 4604 ecolesieschismatioa
802 4547 853 4606 vel

208 4621 369 4684 haeretica
390 4623 480 4694 lacit,
504 4625 531 4683 si
554 4625 630 4682 haec
658 4641 730 4683 vere
751 4642 853 4684 sacra-

904 3113 1039 3166 mentum
1062 3106 1151 3176 iacit,
1176 3109 1262 3167 valet
1277 3105 1339 3184 (Ex
1354 3107 1455 3178 Trio,
1472 3107 1544 3179 VII,

904 3187 951 3246 De
971 3189 1113 3263 Baptae„
1134 3189 1209 3247 Can.
1226 3187 1281 3260 IV;
1306 3187 1409 3264 Sper„
1426 3206 1456 3246 n.
1477 3187 1546 3260 127;

905 3268 937 3326 S.
962 3267 1070 3343 Alpa,
1093 3267 1149 3335 VI,
1166 3265 1229 3346 21).

963 3347 1009 3424 (7)
1020 3344 1117 3422 Lego,
1132 3345 1217 3418 VIII,
1230 3347 1334 3418 35,53.
1348 3349 1403 3407 Uti
1413 3349 1544 3416 Metto„

904 3427 1020 3497 XVIII,
1048 3427 1095 3485 17.
1130 3428 1171 3486 Et
1199 3427 1267 3486 ideo
1297 3428 1416 3486 formae
1443 3444 1546 3486 sacra·

904 3509 1056 3566 mentales
1070 3509 1109 3564 ab
1123 3507 1172 3565 his
1189 3505 1310 3566 Christi
1325 3509 1460 3566 nomine
1473 3525 1549 3582 pro·

904 3590 1064 3726 fqruntur
1091 3586 1201 3666 (Lego,
1225 3587 1272 3645 Dc
1293 3587 1433 3656 Poeuit,
1455 3585 1541 3660 XIV,

964 3665 1010 3824 VS)
1032 3749 1185 3823 Borang.,
1217 3747 1291 3822 Gap.
1315 3745 1371 3816 III,
1396 3747 1415 3822 ᾖ
1439 3747 1470 3818 3;
1501 3749 1549 3808 Ex

905 3828 1012 3963 Rubri
1038 3829 1146 3896 Mica„
1176 3826 1223 3885 De
1244 3825 1386 3900 Defect,
1416 3825 1453 3886 P.
1477 3827 1546 3899 VII,

906 3908 931 3979 1,
948 3925 978 3964 n.
1018 3950 1025 3965 .

965 3985 1012 4068 (u)
1034 3989 1114 4046 Sane
1144 3989 1175 4047 S.
1194 3986 1228 4044 G.
1246 3987 1281 4046 C«
1304 3987 1432 4056 cenauit,
1467 3987 1549 4046 ordi-

905 4073 995 4127 natos
1017 4069 1054 4125 ab
1076 4066 1224 4142 Episcopo
1246 4066 1298 4140 qui
1326 4075 1403 4126 autc
1424 4067 1549 4125 ordina-

906 4148 1023 4207 tionem
1044 4147 1147 4223 palam
1169 4149 1381 4222 proposuerat,
1412 4145 1495 4205 nolle
1517 4164 1550 4206 se

906 4227 1030 4285 ordines
1063 4226 1204 4284 conferre
1228 4225 1279 4283 his
1305 4225 1359 4298 qui
1386 4225 1550 4285 canonicae
1671 4279 1673 4284 .

907 4307 1022 4365 aetatis
1043 4323 1102 4363 non
1124 4309 1245 4374 essent3
1277 4305 1328 4364 vel
1359 4305 1409 4363 his
1430 4307 1481 4380 qui
1504 4323 1551 4364 ee-

907 4389 976 4445 sent
1003 4404 1042 4444 ex
1078 4403 1190 4462 genero
1224 4385 1470 4453 Multlctorttm;
1501 4403 1550 4443 re·

907 4464 1024 4542 cepisse
1045 4481 1173 4523 vacuam
1206 4482 1350 4524 manuum
1381 4464 1551 4540 impositio·

907 4562 976 4604 nem
997 4546 1085 4626 (Ben.
1103 4543 1188 4616 XIV,
1212 4544 1258 4604 De
1275 4545 1423 4622 Sacrific.
1441 4546 1550 4613 Mteo„

908 4625 991 4685 Sect.
1009 4625 1050 4698 II,
1067 4625 1151 4701 §703
1168 4625 1214 4684 De
1229 4627 1324 4702 Syn„
1334 4623 1420 4696 VIII,
1434 4623 1491 4694 XI,
1501 4622 1545 4703 2).
1646 4637 1653 4662 l
