3536 5124
488 290 592 336 64664
616 293 651 338 n.
678 292 717 336 66
743 289 939 336 uarnmomo
963 291 1191 338 oor'raanauno
1433 269 1498 338 575

158 393 327 478 extiterit,
346 395 444 463 nefas
468 400 520 462 est
543 413 787 463 consummare
811 392 1087 479 matrimonium,
1106 394 1173 464 nisi
1197 394 1313 483 sponsi
1338 416 1357 464 a
1382 395 1498 464 eondi-

158 499 252 569 tione
276 499 451 569 reeedant.
478 500 626 582 Quodsi
651 499 793 569 interim
818 499 1086 588 commisceant,
1121 499 1222 570 bodie
1240 505 1322 570 'non
1342 501 1499 590 amplius

157 612 427 695 praesumuntur
451 627 470 675 a
495 606 695 676 conditione
720 606 893 691 recedere,
912 613 947 674 et
970 628 1054 697 pure
1079 608 1297 694 contrahere,
1315 608 1423 678 etiam
1439 608 1498 678 ubi

158 711 310 782 Trident.
338 733 408 781 non
433 711 529 800 viget
555 713 635 800 (14).

214 821 292 888 449.
329 826 375 888 06
405 819 505 888 646616
524 820 577 906 (44.
600 810 672 888 Par.
693 824 749 903 44.,
777 827 795 902 5
822 819 897 904 510)
924 818 1083 908 expedita
1110 839 1163 888 466
1187 826 1257 888 est:
1290 819 1370 888 44646
1400 819 1496 888 66464

158 927 320 996 66466466
336 946 406 994 666
424 931 477 994 664
493 924 642 1013 alligata,
661 925 697 994 in
721 946 789 1017 quo
813 925 917 994 distat
941 947 960 1023 a
985 924 1200 994 conditione:
1227 925 1303 995 ideo
1327 948 1371 996 ex
1396 925 1498 994 modo

158 1031 420 1102 matrimonium
453 1052 523 1100 non
557 1032 683 1121 pendet
712 1053 823 1123 neque
847 1035 887 1099 iu
910 1033 991 1121 fieri
1021 1033 1132 1120 (66666
1159 1052 1200 1100 ae
1232 1032 1267 1100 in
1300 1031 1497 1102 conditione

157 1138 386 1228 suspensiva),
405 1131 517 1229 neque
534 1138 570 1206 in
587 1137 681 1227 forto
704 1161 773 1208 esse
797 1140 908 1228 (66666
932 1159 973 1208 66
996 1138 1032 1206 16
1057 1138 1255 1207 conditione
1279 1138 1494 1224 resolutiva).

157 1244 388 1327 Quamobrem
412 1243 440 1312 si
465 1264 559 1330 eum,
578 1243 636 1334 qui
662 1245 801 1313 modum
826 1243 963 1328 adiecit,
982 1249 1100 1333 postea
1125 1251 1185 1312 aut
1209 1264 1268 1313 sua
1293 1243 1422 1334 opinio,
1437 1249 1499 1312 aut
1628 1259 1632 1264 ·

156 1347 241 1418 fides
263 1349 405 1418 alterius
429 1349 609 1436 1616446444,
643 1349 866 1419 matrimonio
891 1371 960 1418 non
985 1349 1115 1436 oberit;
1142 1347 1216 1418 sive
1239 1347 1354 1417 licitus
1377 1347 1494 1433 fuerit,

156 1455 231 1526 sive
255 1455 394 1525 illicitus
420 1458 502 1546 (15).
530 1456 618 1539 Quid
642 1455 669 1524 64
695 1463 863 1546 repugnet
891 1456 990 1526 bonis
1021 1455 1255 1543 matrimonii3
1281 1478 1316 1524 6.
1336 1478 1382 1542 6.,
1409 1457 1496 1524 dueo

156 1571 191 1634 te
217 1574 255 1632 ot
275 1585 342 1652 pro
367 1573 513 1654 quaestu
537 1564 817 1634 adulterandam
845 1573 875 1631 te
899 1564 1044 1633 trudas?
1068 1561 1214 1643 Quidam
1239 1569 1364 1653 putant
1379 1561 1497 1630 matri-

157 1667 315 1738 monium
339 1667 470 1754 vitiari,
495 1669 620 1759 quippe
644 1670 732 1738 alter
751 1667 921 1756 obligatur
945 1669 987 1736 ad
1011 1667 1139 1759 aliquid
1164 1669 1254 1759 quod
1275 1668 1498 1738 matrimonio

156 1781 325 1864 repugnat
351 1777 437 1863 (td):
464 1774 522 1844 alii
547 1782 668 1845 eontra
693 1783 837 1864 putant,
870 1775 951 1866 quia
986 1775 1109 1845 modus
1129 1797 1195 1862 per
1217 1799 1252 1843 se
1276 1775 1311 1844 in
1338 1793 1499 1865 praesens

157 1881 242 1952 nibil
261 1881 440 1972 suspendit
459 1885 547 1970 (Par.
567 1887 624 1966 44.,
645 1889 663 1963 5
681 1882 758 1966 510,
777 1903 812 1950 n.
832 1883 906 1969 19),
925 1881 1101 1950 64466066
1124 1879 1326 1948 huiusmodi
1348 1881 1384 1949 in
1407 1882 1499 1948 tutu-

156 2011 235 2058 rum
260 2011 330 2058 non
354 1989 481 2078 obligat
507 1991 588 2077 (47).
619 1997 691 2058 4466
723 1989 808 2058 mibi
838 1989 970 2074 verius,
998 1996 1034 2057 et
1057 1996 1140 2078 post¹
1164 1988 1291 2058 initum
1321 1989 1498 2058 matrimo-

157 2096 255 2165 nium
280 2096 424 2166 omnino
447 2098 638 2166 tenendum
665 2097 745 2187 (18).

214 2204 291 2273 440.
318 2204 436 2287 Quoad
460 2203 565 2292 diem,
584 2205 612 2273 si
636 2203 899 2274 matrimonium
923 2207 963 2271 tu
987 2206 1078 2272 diem
1097 2205 1184 2290 (Par.
1205 2208 1260 2288 14.,
1280 2211 1299 2284 5
1316 2203 1393 2287 540,
1413 2223 1448 2270 6.
1463 2202 1497 2290 4)

155 2311 282 2380 4641664
307 2307 386 2396 1641,
414 2311 500 2380 641441
524 2311 588 2380 6441
614 2319 745 2396 aetum,
767 2318 803 2379 et
826 2310 970 2400 planum
988 2318 1053 2378 est.
1072 2309 1129 2379 Sin
1147 2333 1189 2378 66
1211 2311 1277 2396 die,
1296 2331 1332 2378 v.
1347 2331 1393 2394 6.,
1411 2310 1498 2376 doro

155 2427 186 2486 te
206 2427 281 2505 post
303 2417 424 2504 (66166,
448 2418 554 2487 verba
577 2417 769 2506 pugnantia
797 2421 891 2502 sunt,
910 2415 1066 2508 ideoque,
1093 2439 1136 2485 ex
1162 2415 1272 2505 rigore
1296 2418 1496 2502 verborum,

159 2545 270 2616 neque
302 2525 563 2594 matrimonium
596 2545 709 2616 neque
740 2523 912 2614 sponsalia
944 2523 1184 2612 intelliguntur
1210 2525 1294 2613 (10);
1329 2523 1444 2615 itaque
1469 2524 1496 2594 si

159 2631 212 2700 1446
237 2632 351 2701 verbis
373 2652 456 2701 usus
480 2631 585 2701 tueris
608 2630 721 2700 sciens
747 2630 881 2715 volens,
904 2652 982 2700 reor
1005 2629 1092 2699 nihil
1116 2636 1233 2700 aetum
1258 2651 1351 2718 esse;
1377 2631 1430 2698 sin
1458 2637 1498 2699 ut

157 2739 262 2825 vulgo
288 2738 445 2827 usurpari
470 2741 593 2823 solent,
621 2738 791 2828 sponsalia
815 2742 898 2807 sunt
923 2739 1003 2826 (40).

425 2973 505 3038 aar.
532 2976 588 3039 444.
617 2975 664 3038 De
688 2973 1000 3040 nautrimouiorum
1026 2955 1220 3037 8646466146.

215 3157 292 3228 451.
320 3156 492 3226 Solemnia
509 3156 824 3241 matrimoniorum,
840 3160 992 3244 proprio
1007 3157 1276 3245 significatione,
1295 3162 1388 3240 sunt,
1406 3178 1494 3247 quae

156 3263 199 3332 ad
225 3261 499 3348 matrimonium,
528 3285 595 3354 qua
620 3269 672 3332 est
695 3268 895 3332 contractus
920 3261 1107 3348 naturalis,
1141 3261 1270 3349 valide;
1297 3263 1382 3346 1616,
1408 3284 1496 3352 quae

156 3369 197 3438 ad
215 3369 310 3455 iilud,
328 3391 395 3461 qua
420 3376 472 3438 est
495 3377 766 3455 sacramentum,
786 3374 905 3438 sancte
930 3369 1123 3437 ineundum
1150 3367 1338 3457 pertinent.
1357 3369 1497 3438 4614666

154 3481 271 3546 664646
295 3475 497 3545 incumbere
521 3477 699 3566 parochos,
726 3485 761 3546 et
784 3474 985 3546 Ordinarios
1009 3495 1087 3542 eum
1114 3474 1233 3563 primis
1257 3481 1409 3564 oportet:
1438 3496 1495 3544 ve-

155 3605 233 3652 rum
257 3583 369 3674 quoad
399 3584 589 3674 parochos,
621 3585 790 3675 quaedam
823 3581 1087 3667 iurisdietioniS,
1120 3584 1289 3672 quaedam
1309 3583 1423 3662 ,610644
1448 3583 1496 3652 646

214 3835 280 3915 (14)
294 3839 418 3898 Deerat.
432 3839 487 3899 88.
499 3839 698 3898 D.N.Leonis
711 3839 798 3909 XIII,
914 3839 980 3919 (18)
1010 3841 1047 3900 V.
1083 3840 1263 3912 Schamb0.,
1286 3839 1349 3912 IV,
1368 3841 1398 3910 5,
1420 3841 1494 3914 1143

156 3915 194 3976 15
208 3917 299 3976 Febr.
319 3917 406 3977 1892.
855 3921 1025 3990 Schmalz.,
1051 3918 1119 3978 110.

207 3993 408 4074 (4408646616,
420 3998 460 4070 V,
473 4000 521 4071 19,
534 3998 565 4072 23
576 3999 608 4058 S.
622 3999 731 4074 441616,
745 3998 796 4070 VI,
914 4000 979 4078 (49)
1001 4002 1047 4059 Ex
1059 4000 1096 4058 L.
1111 4001 1170 4058 Ubi
1184 3999 1260 4068 due,
1274 3999 1342 4070 140,
1357 4001 1403 4059 De
1414 4001 1454 4058 R.
1465 3999 1493 4062 I.

153 4073 222 4136 896.
240 4079 279 4135 V.
294 4096 334 4148 6.,
359 4084 392 4138 64
415 4079 445 4136 16
467 4080 562 4138 164446
584 4081 799 4155 perpetrandis
914 4081 980 4161 (20)
1002 4080 1101 4139 Salm.
1125 4077 1169 4158 (9,
1193 4081 1223 4149 7,
1239 4079 1282 4158 3),
1306 4081 1423 4154 aliique
1444 4099 1496 4156 pu·

152 4157 212 4216 sibi
249 4175 374 4233 operam
411 4165 549 4234 praestet
583 4159 679 4237 (Sot.;
711 4159 797 4230 Ρ61.;
852 4165 923 4221 4664
943 4161 1013 4219 14646
1035 4159 1265 4218 matrimonium
1281 4159 1425 4220 contrahi
1441 4163 1495 4219 sub

151 4235 261 4304 Rem..
285 4237 339 4305 VI,
359 4240 397 4310 V,
414 4237 466 4307 61,
481 4239 533 4312 643
551 4239 722 4311 86166616,
740 4239 796 4310 444,
853 4241 1026 4299 6660444666
1047 4257 1098 4298 666
1120 4239 1239 4310 onsiva,
1255 4241 1332 4313 quod
1348 4244 1380 4298 64
1395 4241 1427 4298 S.
1440 4241 1496 4299 Ai-

152 4319 191 4386 V,
212 4315 280 4386 136,
299 4317 382 4397 143).
853 4321 944 4397 phon.
960 4319 1029 4398 (VI,
1046 4259 1118 4396 890)
1138 4321 1268 4394 probare
1284 4319 1417 4378 videtur.
1436 4320 1495 4378 Sed

212 4395 277 4475 (16)
300 4398 427 4468 866616,
451 4401 491 4467 V,
509 4396 557 4468 19,
575 4397 606 4471 5;
629 4399 741 4470 86166,
764 4399 795 4470 9,
853 4401 909 4458 1466
923 4401 1000 4458 mibi
1015 4417 1105 4474 quam
1120 4397 1336 4457 difficillimum
1352 4407 1411 4459 ast:
1429 4399 1497 4458 nul·

151 4476 202 4547 77;
221 4477 253 4535 S.
273 4478 380 4553 Alpa,
398 4479 453 4550 VI,
470 4478 540 4538 896.
852 4480 884 4538 la
906 4480 975 4538 14646
996 4482 1101 4538 subest
1129 4481 1382 4538 circumstantia
1411 4479 1496 4538 actui

212 4556 279 4636 (17)
320 4558 412 4630 Pal.,
447 4559 614 4631 Ledesma,
653 4559 794 4631 Pirbin.,
852 4557 1494 4638 adieeta3undeigiturconditiotffrot,

153 4635 267 4709 neta,
291 4643 323 4696 64
345 4639 522 4715 8644644416,
548 4640 583 4700 ll.
608 4657 653 4700 66.
687 4693 689 4696 .
852 4641 870 4716 ἓ
893 4639 955 4721 41).
