3530 5124
290 227 360 297 404
621 253 711 298 trouu
736 253 784 299 ru.
803 270 823 281 -
841 253 958 301 rnacr.
985 255 1028 300 vr.
1055 256 1095 300 ou
1120 255 1317 304 rrnrnrrroruo

180 363 189 372 ''
293 351 382 422 bent
402 355 474 442 (seu
493 354 649 424 absoluta
666 373 726 424 seu
743 354 889 424 relativa
906 355 962 425 illa
980 355 1057 444 sit),
1084 377 1211 445 nempe
1231 357 1322 428 illico
1339 379 1362 428 a
1377 362 1508 446 seipsas,
1527 357 1637 449 quoad

291 463 410 528 torum
437 461 526 548 (tlt3
545 460 657 550 quoad
682 461 948 547 habitationem,
974 461 1083 552 officio
1109 463 1233 532 indicte
1252 466 1335 552 (n),
1353 463 1420 533 nisi
1444 471 1568 554 urgeat
1582 485 1637 554 pe·

294 565 444 635 riculum
461 567 739 638 incontinentiae
762 569 844 658 (15).
864 573 994 638 Vemm
1011 558 1163 639 adalias
1187 571 1327 661 nuptias
1350 573 1500 642 transire
1525 570 1637 640 neutri

292 675 345 743 las
369 679 434 760 est,
453 673 520 744 nisi
544 681 621 764 post
644 675 869 761 sententiam,
888 689 1034 768 eamque
1058 699 1103 746 ex
1127 677 1357 767 appellatione
1380 678 1635 763 confirmatam,

292 779 561 850 matrimonium
585 780 810 850 dirimentem
834 783 923 871 (14);
950 782 1060 851 immo
1084 781 1205 872 impoti
1230 804 1295 853 nec
1319 790 1397 872 post
1423 783 1636 852 sententiam

291 883 326 955 id
352 887 445 973 licet,
472 886 539 957 nisi
564 887 770 978 impotentia
794 889 900 957 luerit
923 887 1071 958 relativa
1092 885 1173 977 (15).

321 1133 402 1198 nar.
429 1135 485 1200 lll.
514 1135 561 1200 De
584 1136 813 1204 Matrimonio
837 1132 946 1217 nntto,
965 1141 998 1200 et
1019 1133 1062 1200 de
1087 1138 1326 1204 matrimonia*
1347 1136 1605 1206 revolidandia.

351 1309 428 1377 480.
457 1309 611 1400 Denique
645 1309 826 1378 videamus
856 1307 938 1399 quid
972 1307 1056 1393 iuris
1078 1309 1135 1394 sit,
1160 1309 1189 1378 si
1223 1314 1423 1400 apparuerit
1453 1312 1633 1384 matrimo-

292 1411 390 1482 nium
422 1413 557 1484 nullum
592 1435 731 1504 prorsus
762 1414 877 1484 luisse.
906 1414 1170 1484 Matrimonium
1206 1417 1340 1486 nullum
1369 1417 1472 1508 vulgo
1507 1419 1636 1490 dieitur

291 1517 386 1604 illud,
412 1519 503 1609 quod
526 1540 607 1588 cum
630 1519 745 1611 aliquo
769 1520 1018 1609 impedimento
1042 1520 1228 1591 dirimente
1253 1521 1505 1612 (impedimenti
1534 1545 1635 1596 voea-
1739 1561 1740 1564 ¹

290 1625 370 1695 bulo
406 1625 483 1695 lreic
505 1625 671 1696 latissime
706 1631 861 1717 accepto)
886 1621 1014 1697 initum
1045 1627 1122 1697 luit.
1149 1629 1282 1699 Omitto
1317 1651 1357 1700 oa
1386 1631 1636 1720 impedimenta

290 1753 378 1824 quae
414 1755 485 1802 non
520 1734 782 1824 dispensantem
808 1735 883 1805 sive
918 1733 998 1826 quia
1022 1735 1212 1824 dispensari
1247 1757 1318 1805 non
1343 1745 1500 1826 possunt,
1526 1744 1637 1828 impo-

291 1843 412 1925 tentia,
439 1841 609 1929 lt'panten,
628 1845 922 1930 consonpninitas
946 1841 983 1911 in
1007 1841 1118 1932 primo
1135 1841 1241 1930 gradu
1266 1843 1378 1912 lineae
1393 1851 1479 1940 ,tum
1505 1851 1635 1932 rectae,

290 1949 367 2014 tum
392 1946 481 2015 forte
498 1945 604 2016 etiam
628 1945 787 2038 obliquae
795 1973 803 2034 ;
822 1947 897 2017 sive
921 1946 1001 2039 quia
1018 1947 1209 2038 dispensari
1233 1969 1304 2018 non
1329 1949 1453 2034 solent,
1479 1950 1638 2041 affinitas

290 2070 335 2119 ex
358 2052 480 2139 copula
504 2050 597 2121 licita
625 2051 662 2120 in
685 2052 777 2124 linea
802 2059 908 2139 recta,
934 2063 1051 2122 votnm
1073 2055 1235 2139 solemne,
1255 2057 1340 2122 ordo
1368 2075 1480 2140 socer,
1498 2055 1636 2145 propria

289 2156 403 2224 cnltns
432 2157 636 2244 disparitas,
663 2164 699 2228 et
722 2163 858 2227 crimen
894 2158 1082 2248 publicum.
1119 2163 1320 2230 Ceterorum
1356 2159 1424 2229 duo
1462 2165 1547 2230 sunt
1580 2181 1636 2250 ge

289 2281 388 2346 nera,
414 2282 524 2332 unum
549 2285 683 2350 eorum,
701 2285 790 2355 quae
814 2269 850 2334 et
873 2264 1167 2354 dispensationem
1189 2265 1362 2356 recipiunt
1385 2273 1420 2334 et
1443 2266 1636 2356 dispensari

290 2369 420 2456 solent;
439 2373 612 2458 copnotio,
629 2370 771 2458 pndtteo
788 2371 961 2458 honestos,
981 2375 1116 2440 cannen
1134 2373 1329 2442 oecultum:
1349 2373 1497 2442 alterum
1513 2393 1640 2443 eorum

289 2608 361 2681 quia
383 2605 608 2682 experimenti,
633 2625 684 2666 seu
708 2608 791 2666 iussu
813 2626 865 2666 seu
887 2607 933 2666 in·
988 2607 1043 2680 IV,
1070 2607 1117 2676 15,
1142 2607 1200 2678 473
1224 2605 1398 2675 solemnia,
1421 2603 1482 2676 IV,
1508 2605 1558 2676 15,
1580 2608 1634 2668 69.

288 2688 373 2747 iussu
396 2686 506 2746 iudicis
528 2687 618 2754 faeti,
634 2689 740 2744 eadem
763 2704 887 2762 prorsus
902 2695 934 2748 et
988 2687 1106 2762 Nempe
1127 2689 1164 2744 ad
1181 2686 1311 2746 vitanda
1326 2685 1472 2743 scandala
1486 2685 1633 2764 (Sanco,
1740 2733 1741 2736 ¹

289 2769 339 2827 vis
362 2771 394 2826 et
415 2768 497 2826 ratio
512 2773 577 2827 est:
594 2768 675 2826 alias
690 2765 795 2840 quidni
811 2773 934 2842 possent
988 2785 1017 2826 n.
1042 2766 1093 2844 8):
1118 2765 1179 2824 nisi
1202 2765 1316 2825 malint
1337 2765 1518 2823 cohabitare
1544 2767 1636 2840 quasi
1740 2817 1741 2840 ,

288 2854 320 2906 et
342 2863 397 2922 per
424 2847 612 2906 tricennium
636 2847 764 2904 conant
786 2846 932 2906 Ceterum
986 2849 1092 2920 frater
1107 2855 1250 2914 etsoror,
1265 2851 1384 2904 remoto
1405 2845 1516 2919 quovis
1530 2845 1637 2904 incon·
1740 2843 1741 2888 t

288 2928 316 2986 si
337 2928 440 3002 sponsi
457 2926 674 2986 contraxerint
697 2926 931 2984 matrimonium
986 2926 1140 2986 tinentiae
1153 2925 1351 3003 periculoffl.
1368 2926 1398 2994 4,
1412 2924 1459 2984 De
1470 2924 1634 3004 Frt'pid.);

288 3010 361 3064 ante
377 3008 570 3081 pubertatem
582 3005 704 3082 plenam
719 3005 834 3085 (Prot,
847 3007 866 3080 ἓ
881 3007 931 3078 29,
987 3007 1065 3082 quod
1095 3005 1275 3082 perdifficile
1303 3011 1352 3064 est
1379 3004 1527 3086 (Sanan,
1553 3005 1634 3078 VII,

289 3105 318 3144 n.
337 3085 399 3163 17),
426 3087 529 3144 verius
544 3095 593 3144 est
608 3085 778 3144 triennium
801 3102 819 3142 a
841 3087 933 3161 plena
986 3087 1037 3156 97,
1060 3083 1102 3162 6).

288 3167 452 3225 dumtaxat
466 3165 608 3246 (Senon,
625 3164 695 3238 Vll,
714 3165 782 3236 110,
801 3165 851 3243 10)
866 3184 932 3226 esse
1061 3164 1112 3242 13)
1134 3166 1167 3224 S.
1185 3163 1293 3240 Alph.,
1317 3164 1371 3234 Vl,
1397 3163 1486 3223 1101.

288 3245 534 3320 computandum.
561 3246 602 3304 Et
630 3245 807 3303 continuum
837 3246 932 3305 trien·
1063 3244 1112 3325 14)
1133 3247 1209 3304 Bou.
1234 3245 1326 3314 XIV,
1351 3247 1384 3306 G.
1408 3245 1471 3304 Dei
1489 3245 1636 3304 Misera-

288 3325 373 3383 nium
388 3342 456 3383 esse
470 3326 559 3383 debet
577 3323 654 3404 (cit.
672 3327 704 3384 C.
721 3325 793 3397 ult,
807 3324 838 3382 in
850 3324 929 3406 fin).
988 3329 1085 3385 tione.

288 3405 406 3480 Nempe
420 3404 597 3475 moraliter3
614 3404 719 3478 itaque
733 3406 771 3474 si,
789 3421 816 3462 e.
829 3423 870 3476 c.,
882 3407 933 3464 vir
1044 3404 1110 3485 (15)
1125 3406 1162 3463 V.
1182 3405 1214 3464 S.
1229 3405 1336 3480 Alph.,
1354 3404 1408 3474 Vl,
1427 3402 1515 3464 1098.
1530 3403 1636 3462 Porro

287 3501 342 3562 per
358 3501 450 3542 unum
466 3484 517 3544 vel
531 3484 667 3544 alterum
684 3501 818 3545 mensem
833 3485 932 3559 quoli-
985 3486 1152 3554 sententia,
1176 3501 1235 3558 qua
1257 3483 1490 3544 matrimonium
1515 3485 1636 3542 direm-

286 3565 429 3623 betauno
442 3561 670 3640 aegrotaverit,
684 3563 931 3623 velabsenst'ue·
985 3575 1070 3640 ptum
1093 3565 1165 3636 luit,
1183 3579 1345 3638 numquam
1368 3565 1487 3624 transit
1508 3563 1539 3622 in
1562 3579 1636 3622 rem

287 3643 344 3714 rit,
362 3661 419 3702 non
441 3644 559 3715 oberit;
583 3643 631 3702 sin
653 3643 716 3713 diu,
731 3644 930 3720 supplendum
985 3646 1173 3705 iudicatam:
1191 3645 1259 3703 ideo
1273 3644 1300 3703 si
1313 3649 1420 3720 postea
1435 3642 1634 3719 apparuerit,

288 3723 351 3782 erit
370 3721 733 3802 (Sanclr.,Vll,llI,6;
758 3724 929 3794 Schmun„
985 3725 1222 3802 impotentiam,
1246 3724 1298 3782 vel
1318 3723 1455 3794 nullam,
1486 3723 1537 3780 vel
1570 3739 1636 3780 non

286 3802 341 3874 IV,
357 3803 405 3873 15,
419 3803 469 3874 883
487 3803 517 3862 S.
536 3803 645 3879 Alph,
663 3802 716 3876 Vl,
733 3800 833 3880 1103).
846 3807 931 3872 Quae
984 3809 1164 3882 perpetuam
1192 3803 1305 3872 luisse,
1328 3805 1365 3862 ad
1394 3803 1636 3863 matrimonium

286 3883 323 3941 de
338 3883 525 3959 impotentia
539 3884 687 3953 diximus,
704 3887 839 3959 aptanda
854 3891 886 3944 et
900 3884 931 3942 ei
984 3885 1172 3962 diremptum
1194 3883 1381 3942 redeundum
1402 3889 1462 3954 est,
1486 3882 1639 3956 quamvis

287 3970 358 4022 sunt
378 3963 442 4038 qui,
466 3965 502 4021 ob
524 3963 653 4022 nimium
678 3965 824 4035 calorem,
848 3957 930 4023 eern-
984 3971 1114 4040 uterque
1129 3965 1240 4022 coniux
1261 3965 1299 4022 ad
1320 3963 1475 4022 aliavota
1495 3961 1636 4020 transie-
1740 3967 1741 3972 ’

283 4061 345 4118 per
366 4051 396 4101 et
415 4045 553 4101 cannino
568 4060 774 4120 praepropere
796 4045 930 4103 seminat
984 4045 1050 4104 rint
1074 4043 1164 4123 (Ben.
1188 4041 1280 4113 XIV,
1306 4043 1326 4100 1.
1355 4039 1409 4119 a).
1433 4043 1580 4102 (letarum
1603 4041 1635 4099 si
1739 4049 1741 4066 ¹

286 4125 378 4181 extra
400 4140 468 4190 vas,
486 4127 555 4200 post
569 4121 817 4198 experimentum
833 4125 930 4184 trien·
984 4127 1088 4200 putati
1108 4124 1252 4199 coniuges
1267 4123 1331 4182 sint
1347 4123 1378 4180 iu
1393 4120 1559 4191 bonafide,
1578 4138 1633 4179 re·

285 4203 356 4261 nale
378 4203 428 4278 (D.
445 4204 519 4273 Th„
543 4205 574 4262 in
596 4207 625 4272 4,
651 4203 732 4262 Dist.
752 4203 802 4276 24,
820 4203 930 4264 Arta
985 4203 1161 4280 gulariter,
1194 4203 1225 4260 in
1257 4219 1294 4260 ea
1329 4199 1524 4277 relinquendi
1558 4201 1637 4258 sunt

286 4283 323 4340 ad
345 4280 382 4353 2;
399 4283 437 4341 V.
456 4284 583 4355 Sanan,
600 4283 671 4354 VII,
687 4283 737 4354 92,
761 4285 798 4356 73
821 4285 930 4356 Pont,
983 4283 1100 4362 (Gany,
1124 4285 1165 4355 ΙΙ,
1189 4282 1258 4353 856,
1284 4287 1320 4354 3;
1344 4282 1457 4354 Scan,
1481 4279 1560 4350 806,
1585 4281 1634 4358 4).

286 4359 357 4431 VII,
381 4361 444 4441 60).
983 4365 1024 4422 Et
1045 4366 1072 4422 si
1094 4363 1176 4423 forte
1198 4365 1331 4438 ipsimet
1343 4361 1570 4420 confessarium
1592 4361 1635 4420 da

346 4440 411 4520 (11)
434 4445 467 4503 0.
492 4445 521 4512 4,
546 4443 593 4502 De
616 4444 769 4518 Friptot.;
792 4445 926 4516 Sanan,
984 4444 1042 4502 hac
1056 4461 1091 4502 re
1105 4444 1312 4518 interrogent,
1335 4441 1509 4512 consulant,
1533 4440 1562 4498 is
1585 4439 1638 4497 ni·
1739 4497 1741 4514 ,

287 4521 356 4590 VII,
380 4523 431 4594 97,
454 4521 483 4581 2.
984 4522 1032 4582 hil
1052 4525 1235 4598 respondeat
1264 4521 1437 4581 inconsulto
1458 4521 1638 4580 Ordinario

345 4601 410 4680 (12)
422 4605 469 4661 Ex
481 4603 514 4662 O.
528 4602 559 4674 3,
573 4602 620 4662 De
630 4602 774 4672 Divert.;
790 4606 927 4676 t'iestn.,
983 4603 1119 4682 (Genea,
1141 4621 1172 4661 n.
1197 4599 1281 4682 791).
