3594 5122
266 187 331 256 tat
376 210 466 256 ursae
484 209 530 255 ur.
543 225 564 238 ·-
577 210 693 256 reacr.
708 211 730 256 r.
746 211 810 256 rrr.
826 212 860 256 u.
876 211 916 256 na
932 211 1072 258 sacena.
1090 213 1274 277 aunrrusrn.
1291 213 1328 258 ar
1345 212 1491 259 suscerr.

266 315 405 400 tempus
429 331 498 380 non
523 311 636 395 detur,
674 316 934 382 sacramentum
969 311 1196 382 nihilominus
1230 313 1372 403 impune
1404 315 1605 402 conficitur,

264 417 462 507 suscipitur,
488 416 516 486 si
540 417 597 487 vel
621 417 815 506 periculum
838 417 1058 508 suscipientis
1080 417 1125 487 sit
1150 419 1185 487 in
1210 441 1320 504 more,
1340 421 1396 490 vel
1412 421 1487 516 sive
1502 421 1531 492 is
1546 423 1605 514 qui

264 523 417 609 conticit,
444 523 518 594 sive
542 522 652 615 isqui
676 523 819 614 suscipit
843 544 913 594 non
938 525 1046 614 possit
1070 525 1231 595 recedere
1255 525 1343 596 citra
1368 527 1533 598 infamiae
1548 550 1606 619 pe·

263 629 411 699 riculum
431 629 491 718 (6).

325 737 402 805 tlt.
429 737 473 806 At
496 757 581 806 vero
611 737 669 807 lex
700 757 788 828 quae
818 743 921 807 cavat
952 738 1171 808 reverentiae
1201 747 1499 810 sacramentorum
1533 763 1603 812 non

170 830 181 848 ‘
264 845 339 932 plus
363 849 464 933 urget
487 865 593 936 quam
616 850 753 914 ceterae
776 843 916 916 divinae
940 847 1050 934 leges:
1076 846 1221 935 proinde
1252 847 1482 944 irreverentia
1515 871 1603 942 quae

263 948 303 1018 lit
325 956 546 1020 sacramento
572 971 642 1020 non
667 956 721 1020 cst
743 950 882 1040 gravior
905 971 958 1035 ee,
992 972 1080 1043 quac
1104 953 1140 1022 in
1177 953 1449 1043 transgressione
1472 961 1603 1026 cetera-

262 1075 340 1124 rum
364 1057 480 1146 legum
505 1055 704 1154 divinarum
728 1055 930 1126 continetur
949 1059 1010 1147 (7),
1036 1079 1077 1127 ac
1101 1057 1392 1152 proinde'quibus
1415 1060 1451 1130 in
1468 1060 1604 1132 casibus

263 1171 375 1232 cessat
398 1168 620 1252 contemptus
642 1163 679 1232 in
703 1163 829 1234 harum
852 1163 1139 1254 transgressione,
1165 1165 1201 1234 in
1224 1165 1526 1237 administratione
1550 1187 1602 1238 se·

262 1275 522 1340 crementorum
554 1277 678 1340 cesset.
716 1270 870 1360 Amplius
906 1280 1176 1342 asaerameata
1202 1282 1348 1362 propter
1377 1273 1534 1342 domines
1561 1301 1599 1344 n:

261 1377 397 1468 quoties
420 1376 525 1466 igitur
548 1395 676 1466 anceps
698 1382 763 1462 est,
798 1397 842 1445 ne
873 1375 1001 1467 aliquid
1033 1377 1122 1446 desit
1152 1377 1261 1447 valori
1290 1378 1513 1464 sacrementi,
1545 1382 1601 1450 vel

260 1483 539 1573 dispositionibus
563 1482 794 1571 suscipientis,
821 1482 902 1561 licet
925 1482 1152 1553 nibilominus
1175 1483 1257 1553 illud
1281 1486 1439 1555 conterre
1463 1485 1491 1554 si
1508 1489 1601 1557 teste

261 1599 292 1659 et
315 1591 540 1659 rationabilis
558 1610 619 1660 seu
636 1576 852 1660 necessitatis
868 1608 928 1659 seu
944 1590 1105 1660 utilitatis
1121 1589 1341 1681 suscipientis
1356 1611 1460 1662 causa
1477 1593 1599 1678 subsit,

261 1708 386 1784 nempe
409 1695 474 1764 sub
495 1695 695 1764 conditione
731 1695 785 1784 (de
812 1715 879 1786 qua
903 1697 1012 1784 mox),
1044 1717 1111 1787 qua
1140 1695 1357 1768 reverentiae
1391 1699 1600 1768 sacrementi

261 1802 468 1892 prospicitur
486 1801 546 1892 (8);
573 1807 609 1869 et
631 1802 667 1871 in
691 1821 830 1870 summo
853 1801 1054 1872 discrimine
1078 1823 1194 1872 rerum
1219 1803 1252 1870 id
1276 1804 1358 1873 licet
1388 1805 1493 1874 etiem
1517 1825 1598 1875 cum

321 2089 366 2172 (6)
387 2092 419 2151 S.
444 2091 551 2168 Alph.‚
576 2089 630 2161 v1‚
648 2091 697 2162 33,
715 2091 763 2150 86.
788 2121 805 2134 -
827 2092 902 2148 Noa
957 2091 1183 2150 communicare
1212 2109 1280 2148 eum
1309 2093 1361 2166 qui
1382 2092 1503 2152 dubitat
1525 2112 1597 2154 num

260 2173 381 2240 datae,-
403 2171 473 2247 quid
497 2171 524 2230 si
545 2171 652 2243 detur,
675 2179 708 2229 et
729 2187 825 2244 noque
846 2171 904 2228 hoc
955 2171 1056 2247 pridie
1077 2187 1200 2230 coenam
1223 2171 1309 2230 ultra
1330 2172 1462 2229 mediam
1477 2179 1597 2234 noctem

260 2255 424 2330 praestare
450 2251 565 2326 possiti
593 2253 636 2310 Ut
663 2267 734 2308 ecce
755 2251 781 2308 si
803 2267 904 2308 secer·
956 2251 1139 2327 produxerit
1168 2250 1215 2329 (S.
1240 2250 1347 2327 Alph.‚
1372 2251 1426 2320 Vl,
1452 2251 1536 2331 282),
1565 2259 1598 2313 et

260 2334 314 2392 dos
337 2337 445 2408 coapta
467 2331 529 2389 iem
552 2331 648 2406 missa
668 2329 849 2388 recordetur
870 2347 902 2388 se
957 2331 1183 2388 communicare
1204 2348 1243 2389 ex
1259 2332 1342 2390 iusta
1357 2347 1530 2390 causacum
1545 2334 1598 2409 qui

258 2409 380 2470 esseio
402 2410 513 2470 letalil
543 2409 624 2469 Nam
647 2426 753 2485 raeque
781 2426 904 2468 vonnrv·
956 2409 1053 2468 letale
1082 2409 1199 2482 aliquid
1238 2411 1381 2484 admisit,
1421 2413 1595 2488 praemissa

260 2508 313 2552 ms
337 2507 443 2566 raeque
457 2492 634 2558 curreretis,
649 2489 705 2548 sed
716 2489 903 2547 miserentis
956 2490 1153 2560 contritione,
1177 2488 1203 2547 si
1219 2489 1401 2548 confessarii
1416 2493 1504 2567 copia
1517 2491 1599 2551 desit

261 2578 308 2630 ast
336 2569 398 2628 Dei
421 2571 540 2650 (Rom,
561 2569 623 2636 IX,
651 2566 710 2646 16),
743 2569 829 2627 cuius
859 2569 903 2628 in·
954 2568 1004 2649 (de
1033 2587 1093 2646 qua
1122 2586 1211 2628 nemo
1243 2575 1345 2628 certus
1373 2588 1440 2630 esse
1471 2567 1594 2649 possit),

258 2647 808 2726 comprehensibiliaiudiciasunt,et
822 2646 903 2706 nihi·
955 2649 1050 2707 immo
1079 2665 1134 2706 nec
1162 2651 1333 2724 praemissa
1355 2651 1381 2708 si
1403 2651 1523 2711 dubitet
1544 2669 1596 2710 seu

258 2727 393 2788 lominus
420 2729 579 2799 conficiat,
610 2727 770 2804 suscipiat,
799 2733 902 2786 utrum
955 2731 1101 2804 negative
1128 2745 1181 2786 scu
1205 2729 1340 2802 positive
1361 2747 1399 2787 an
1421 2747 1532 2788 revera
1553 2729 1597 2791 sit

260 2807 372 2885 gravis
393 2808 621 2867 irreverentiae
642 2809 685 2867 sit
709 2808 798 2868 reas?
826 2807 899 2877 Res,
956 2809 987 2866 in
1010 2807 1101 2868 letali
1132 2807 1184 2888 (V.
1212 2809 1243 2866 S.
1268 2809 1417 2884 Alphea,
1441 2810 1495 2882 VI,
1520 2813 1592 2883 4753

258 2887 388 2949 Nostris
410 2905 469 2946 nou
491 2889 569 2948 satis
588 2887 753 2963 explorata
773 2905 841 2947 esse
856 2887 902 2944 vi·
954 2889 998 2947 H.
1014 2890 1069 2958 A„
1092 2889 1161 2960 XV,
1177 2885 1241 2966 34),
1265 2895 1297 2948 et
1318 2896 1485 2950 excusatur
1506 2909 1595 2967 regu·

257 2970 348 3027 detur
367 2968 420 3046 (V.
446 2968 477 3026 S.
503 2967 617 3043 Alph.‚
641 2967 696 3036 Vl,
713 2966 782 3046 33);
806 2985 902 3040 neque

259 3065 316 3124 ego
337 3046 438 3106 ausim
459 3047 623 3121 quidquam
645 3047 785 3106 definire.
816 3052 857 3108 At
878 3047 902 3106 ii

257 3127 307 3202 qui
332 3145 372 3186 ex
394 3131 534 3202 suscepto
558 3143 682 3186 munere
704 3145 827 3186 necesse
848 3127 902 3184 ha·

256 3209 330 3266 bent
358 3211 554 3265 sacramenta
585 3207 783 3278 ministrare,
814 3206 903 3266 velut

256 3286 404 3364 parochi,
438 3286 465 3344 si
495 3285 572 3344 baec
601 3287 765 3360 aliquando
796 3285 901 3346 futura

255 3365 498 3444 praesenserint,
533 3367 635 3424 nescio
662 3383 720 3440 quo
741 3367 828 3424 modo
849 3383 901 3424 ex·

257 3444 358 3504 caseri
389 3446 509 3520 possint
540 3461 558 3501 a
588 3445 695 3514 letali,
725 3445 847 3504 saltem‘
867 3446 899 3504 in

257 3541 350 3582 causa
374 3523 426 3602 (V.
451 3523 517 3584 Rit.
543 3525 654 3595 Rom,
677 3525 723 3584 De
745 3523 793 3583 Iis
815 3543 900 3602 qaae

257 3607 295 3662 ira
326 3621 411 3662 sacr.
446 3604 575 3662 cadmia.
612 3607 777 3663 servanda
809 3613 899 3675 suat,

256 3684 276 3760 ἓ
314 3681 370 3841 (7))
382 3765 492 3838 Vasq.;
516 3763 644 3835 Sanch„
661 3764 714 3834 11,,
731 3764 756 3836 Ι,
773 3764 829 3836 ΙΧ,
846 3765 896 3838 32;

255 3843 288 3903 S.
312 3843 421 3918 Alph.‚
446 3843 587 3914 v1,612.
619 3847 701 3905 Puta
722 3862 800 3920 quae
821 3850 899 3905 tem·

253 3923 306 4000 pla
327 3923 479 3992 revereri,
503 3941 579 3998 quae
601 3923 758 4002 integram
780 3925 898 3984 confes·

254 4002 368 4061 sionem
386 4003 644 4063 sacramentalem
660 4007 763 4063 tacere
779 4005 894 4066 iubent.

254 4081 347 4142 Alias
377 4099 446 4140 aaa
481 4091 528 4141 est
556 4083 709 4160 oblipotr'o
737 4085 899 4143 reddendi

253 4165 474 4222 sacramentis
489 4168 707 4224 reverentiam
716 4166 896 4241 plusquam

250 4243 454 4318 probabilem
485 4243 531 4323 (S.
556 4243 671 4320 Alph.‚
696 4242 779 4320 1133).
816 4245 897 4304 Hinc

254 4327 380 4398 recepta
402 4323 557 4382 sententia
577 4329 626 4394 est
649 4325 679 4382 in
705 4325 896 4385 confessione

254 4401 477 4460 sacramentali
507 4401 636 4462 reticeri
657 4423 744 4480 posse
766 4405 897 4466 circum-

254 4485 389 4541 stantias
411 4481 600 4556 simpliciter
628 4489 838 4560 aggravantes
860 4487 896 4543 de

254 4579 313 4636 quo
344 4578 397 4620 suo
428 4561 512 4634 loco;
545 4579 632 4638 posse
663 4561 821 4622 celebrare
844 4563 895 4622 vel

955 2969 1069 3028 lariter
1097 2967 1209 3042 isqui
1245 2975 1441 3029 sacramenta
1475 2971 1595 3031 confert

955 3065 1022 3106 cum
1053 3049 1187 3108 materia
1218 3047 1319 3116 dubia,
1353 3055 1477 3108 coactus
1511 3055 1595 3110 metu

955 3129 1064 3188 mortis
1084 3127 1132 3208 (S.
1158 3127 1306 3203 Alphon.,
1328 3126 1452 3188 Eccum.
1470 3131 1594 3200 ordire„

954 3227 983 3267 n.
1008 3207 1038 3279 83
1062 3210 1099 3267 V.
1119 3209 1225 3278 Groix,
1248 3207 1303 3276 Vl,
1323 3204 1349 3276 l,
1370 3205 1449 3286 122).
1475 3211 1515 3268 Et
1536 3210 1593 3268 hoc

954 3289 1089 3346 maxime
1111 3288 1210 3346 locum
1232 3288 1326 3345 habet
1346 3303 1414 3344 cum
1434 3290 1595 3348 dubitatur

953 3369 990 3426 de
1012 3367 1266 3443 dispositionibus
1288 3383 1340 3424 seu
1363 3368 1593 3444 suscipientium

952 3465 1005 3506 seu
1026 3447 1292 3506 ministrantium:
1316 3453 1380 3505 tum
1404 3449 1476 3522 quia
1497 3447 1529 3505 in
1543 3448 1593 3506 his

953 3526 1061 3603 gravis
1087 3525 1290 3603 probabilitas
1318 3543 1373 3601 pro
1405 3527 1593 3586 certitudine

952 3617 1000 3666 est
1020 3605 1136 3682 (Prol,
1159 3607 1178 3680 ἓ
1201 3607 1275 3677 130,
1299 3623 1328 3663 n.
1346 3601 1409 3685 32),
1432 3612 1496 3665 turn
1520 3609 1593 3682 qaia

952 3705 1039 3746 secus
1061 3685 1293 3746 administratio
1315 3695 1346 3744 et
1370 3687 1523 3761 susceptio
1544 3703 1592 3745 sa·
1621 3745 1630 3768 ⁸

952 3772 1180 3825 crementorum
1206 3763 1367 3842 negocium
1395 3765 1478 3824 foret
1507 3765 1592 3826 solli·

952 3847 1120 3905 citudinum
1152 3863 1188 3904 ac
1221 3845 1434 3922 scrupulorum
1469 3845 1591 3921 plenum

951 3930 983 3984 et
994 3926 1260 3996 molestissimum
1272 3926 1339 3983 ideo
1349 3927 1386 3984 ad
1396 3929 1592 3985 sacramenta

951 4006 1197 4065 administranda
1219 4005 1269 4066 vel
1296 4005 1489 4080 suscipienda
1513 4007 1591 4064 satis

950 4089 998 4144 est
1019 4087 1164 4144 accedere
1184 4084 1369 4160 dispositum
1378 4084 1593 4160 probabiliter

949 4163 1071 4242 (Oroix,
1087 4165 1143 4236 Vl,
1161 4165 1188 4238 1,
1206 4163 1274 4236 1193
1293 4163 1324 4224 S.
1342 4163 1453 4242 Alph.‚
1470 4163 1589 4238 v1‚57,

950 4243 1033 4320 475).

1009 4324 1054 4405 (8)
1077 4325 1109 4384 S.
1133 4325 1245 4402 Alph.‚
1276 4323 1331 4395 VI,
1355 4323 1411 4396 283
1444 4325 1491 4384 Ex
1519 4324 1586 4384 Rit.

949 4405 1053 4474 Rom,
1085 4405 1132 4464 De
1162 4405 1259 4464 datr.
1290 4404 1396 4472 Uest„
1418 4405 1437 4478 ἓ
1460 4403 1507 4474 11,
1530 4421 1589 4479 quo

949 4491 1096 4562 aegrotus
1119 4487 1161 4543 'de
1193 4503 1251 4561 quo
1281 4485 1403 4544 dubitas
1431 4501 1468 4541 an
1491 4485 1590 4544 adbuc

950 4563 1041 4624 vivat
1055 4565 1129 4642 ungi
1144 4565 1277 4626 iubetur.
1301 4565 1383 4624 Hinc
1404 4563 1479 4623 licet
1494 4564 1523 4622 in
1539 4581 1589 4639 pe-
