3594 5122
403 271 505 316 ourur
531 271 564 318 u.
592 271 631 316 uu
656 270 706 316 urs
729 271 812 326 Quat:
836 269 1011 316 ruurruuur
1036 271 1080 316 nu
1104 268 1280 316 ursrsrnuu
1450 246 1514 314 287

172 369 261 456 Quid
285 369 314 440 si
338 369 520 460 poenitens
544 369 688 444 reticeat
711 369 839 462 aliquid
855 390 960 458 grave
983 369 1058 454 tibi,
1084 368 1296 439 confessario
1320 367 1406 454 eius,
1424 369 1515 438 baud

171 476 304 548 inscio?
330 477 448 548 Dicam
484 477 586 566 plane
615 477 704 568 quod
741 475 875 546 sentio:
902 477 1053 565 primum
1078 475 1252 564 interroga
1286 471 1457 546 indirecte
1480 480 1517 544 et

172 585 270 654 velut
293 606 312 654 a
337 574 456 672 longe3
482 590 571 668 tum,
598 581 664 652 nisi
688 605 732 652 ex
756 581 870 652 aliena
893 581 1111 654 confessione
1135 583 1319 654 resciveris
1337 585 1420 673 (17),
1437 603 1513 674 pro·

172 691 279 784 prius,
305 693 364 762 sed
387 695 502 776 caute,
529 711 573 760 ne
610 689 666 759 ille
693 691 746 760 vel
777 689 972 779 suspicetur
995 711 1015 760 a
1038 711 1107 782 quo
1142 689 1336 776 resciveris,
1362 692 1418 762 vel
1452 689 1514 760 tibi

171 804 392 870 succenseat:
419 803 619 886 negantem,
645 795 673 866 si
697 794 759 863 tibi
794 816 864 865 non
890 797 991 885 plane
1026 801 1162 866 constet
1192 796 1429 885 poenitentem
1463 816 1515 865 sa·

173 907 298 996 crilege
332 926 459 994 negare
491 903 592 992 (idest
621 909 658 971 et
688 909 868 992 peccatum
900 902 1091 988 admisisse,
1117 909 1153 972 et
1176 902 1344 973 reticendi
1374 924 1514 973 eausam

176 1012 308 1082 nullam
334 1011 490 1096 babere),
509 1011 572 1078 sub
595 1008 810 1093 conditione;
829 1027 928 1077 secus
944 1007 1142 1076 nullatenus
1164 1029 1245 1078 eum
1269 1009 1408 1078 absolve
1425 1009 1511 1106 (l8)5

172 1118 232 1188 sed
255 1137 359 1207 super
381 1115 454 1205 ipso
478 1115 736 1184 dissimulanter
769 1113 897 1205 aliquid
921 1134 993 1199 ora,
1019 1121 1055 1182 et
1077 1113 1213 1183 dimitte
1240 1116 1326 1204 (Ι9);
1352 1121 1388 1184 at
1411 1135 1513 1203 gene-

174 1223 276 1292 ratim
301 1229 337 1291 et
360 1222 548 1312 prudenter
570 1219 801 1304 admonitum,
820 1221 952 1289 nullam
976 1225 1011 1288 et
1033 1219 1235 1310 sacrilegam
1259 1220 1512 1290 confessionem

175 1332 289 1400 lacere
313 1349 384 1415 eos,
409 1328 467 1420 qui
492 1349 598 1418 grave
622 1327 750 1418 aliquid
774 1325 933 1396 reticent.

234 1437 311 1506 335.
339 1433 482 1520 Deinde,
506 1455 574 1524 qua
599 1431 771 1517 minister,
789 1431 1069 1502 animadvertere
1093 1432 1207 1518 debet,
1226 1453 1270 1500 ne
1294 1438 1513 1502 sacramento

172 1544 270 1612 dolor
293 1549 354 1612 aut
376 1541 590 1632 propositum
622 1539 728 1626 desit,
754 1548 786 1607 el
808 1539 1002 1630 usquedum
1025 1540 1091 1630 fiat
1112 1539 1154 1609 de
1179 1540 1244 1608 hac
1269 1561 1305 1636 re
1329 1541 1514 1609 moraliter

174 1659 299 1733 certus,
326 1669 397 1716 non
422 1653 534 1736 potest
556 1646 734 1715 absolvere
758 1645 996 1734 poenitentem
1025 1646 1106 1734 (ab).
1135 1649 1183 1714 lte
1205 1647 1324 1730 dolum
1342 1653 1376 1714 et
1403 1645 1514 1737 quoad

174 1754 328 1824 dolorem
352 1774 423 1823 non
447 1751 573 1821 sufficit
595 1749 623 1820 si
641 1751 822 1840 poenitens
834 1751 984 1820 affirmet
1006 1771 1042 1820 se
1066 1751 1194 1836 dolere,
1209 1751 1274 1820 nisi
1299 1751 1364 1820 boe
1386 1751 1515 1842 aliqua·

174 1867 278 1933 tenus
302 1859 455 1930 exterius
479 1865 654 1948 appareat,
680 1857 805 1948 quippe
829 1857 975 1928 materia
999 1863 1053 1927 est
1076 1858 1184 1944 dolor,
1209 1879 1328 1949 quarn,
1353 1865 1392 1926 ut
1427 1857 1512 1941 dixi,

173 1964 373 2036 sensibilem
388 1984 463 2034 esse
480 1969 630 2053 oportet:
650 1984 774 2034 verum
795 1964 872 2033 beio
888 1963 1065 2034 sufiiciunt
1081 1963 1207 2033 indicia
1223 1963 1411 2054 probabilia
1430 1964 1512 2050 (ll).

176 2077 295 2163 ltaque
318 2071 346 2139 si
370 2091 414 2139 ex
439 2069 492 2138 his
515 2069 722 2138 iudicaverit
756 2069 909 2139 dolorem
933 2074 1079 2138 outuino
1105 2090 1177 2138 uon
1209 2069 1371 2157 defutsse,
1398 2066 1515 2157 poeni·

173 2183 309 2248 tentem
344 2175 502 2248 absolvat
528 2177 616 2264 (ll);
643 2175 709 2260 sin,
736 2183 871 2262 contra,
897 2177 1042 2246 omnino
1077 2176 1194 2246 deesse
1231 2181 1340 2266 putet,
1378 2174 1516 2243 studeat

174 2283 297 2354 maiori
320 2305 387 2374 qua
422 2289 536 2373 potest
571 2282 718 2352 caritate
752 2283 796 2352 ad
819 2283 1069 2353 contritionem
1104 2283 1287 2366 adducere,
1313 2302 1377 2350 nec
1412 2287 1515 2350 antea

174 2388 329 2458 dimittat
351 2407 456 2479 quam
491 2387 702 2458 intellexerit
734 2407 770 2457 se
794 2388 909 2458 oleum
944 2394 980 2457 et
1002 2409 1142 2478 operam
1177 2387 1335 2478 perdere3
1361 2393 1397 2456 et
1430 2387 1515 2456 tunt

175 2493 435 2566 humanissimis
458 2493 574 2564 verbis
597 2516 616 2565 a
641 2515 677 2565 se
711 2493 877 2581 dimittat,
903 2514 1007 2566 orans
1041 2501 1077 2564 et
1099 2495 1277 2566 obtestans
1310 2495 1346 2564 in
1375 2494 1516 2564 visceri·

175 2604 239 2672 bus
261 2607 286 2671 l.
313 2608 364 2688 C.,
390 2607 429 2670 ut
463 2601 592 2687 redeat,
618 2607 654 2671 et
686 2608 907 2692 quantocyus
941 2603 1075 2672 redeat:
1102 2601 1155 2670 sin
1180 2600 1328 2692 denique
1352 2601 1517 2690 ‚graviter

174 2708 309 2778 dubitet
342 2729 386 2777 ne
411 2707 499 2777 desit
533 2707 690 2792 omnino,
716 2707 970 2778 absolutionem
998 2707 1153 2794 differat;
1181 2707 1247 2776 nisi
1282 2706 1375 2776 aliud
1398 2712 1517 2795 exlqat

176 2814 327 2884 notabile
349 2815 598 2883 detrimentum
616 2818 763 2883 aulmue
783 2817 1012 2902 poenitentis5
1031 2814 1086 2882 vel
1110 2813 1227 2902 gravis
1250 2813 1438 2884 necessitas
1461 2833 1515 2882 su·

174 2920 340 3010 scipiendi
364 2919 500 3010 aliquod
517 2919 679 2990 vivorum
695 2925 967 3006 sacramentum,
985 2925 1067 3008 puta
1090 2917 1404 3006 confirmationem,
1422 2940 1516 2988 com·

175 3027 391 3096 munionem.
423 3026 486 3095 Sed
520 3026 583 3095 sub
617 3025 816 3095 conditione
849 3027 962 3096 danda
997 3034 1049 3096 est
1075 3027 1157 3114 (23).
1193 3028 1242 3094 Ne
1273 3029 1514 3114 propositum·

175 3135 319 3226 ideoque
342 3134 501 3203 animum
516 3133 699 3202 advertere
722 3132 836 3219 debet,
855 3138 973 3202 utrum
997 3133 1190 3222 poenitenti
1207 3140 1376 3202 statutum
1394 3153 1515 3202 revera

176 3345 244 3404 Non
267 3347 356 3419 puto:
374 3359 444 3400 uam
466 3357 621 3416 quorsum,
640 3341 702 3400 nisi
724 3348 758 3400 ut
773 3343 818 3399 in·

177 3422 307 3499 telligat
328 3441 365 3480 ue
380 3422 463 3480 forte
484 3429 573 3496 pater
594 3419 694 3479 liliam
709 3439 818 3496 coguo-

163 3505 273 3572 'verit,
296 3520 333 3560 au
363 3505 496 3559 matrem
519 3499 625 3559 filiusi
649 3499 737 3578 (Par.
761 3500 816 3572 II.,

176 3583 261 3658 569,
278 3601 306 3640 u.
325 3581 377 3660 58)
392 3585 424 3638 at
446 3598 535 3639 casus
555 3579 736 3640 rarissimus
758 3586 816 3640 est.

236 3661 301 3800 817)
332 3659 447 3729 albet,
479 3661 525 3719 De
556 3661 683 3718 Poemlt.
712 3659 819 3734 Cous„

178 3741 240 3801 XII
259 3786 268 3814 ‚
291 3741 368 3814 4533
385 3739 510 3815 haym,
534 3739 621 3810 XIV,
636 3739 696 3810 253
719 3741 751 3799 S.
764 3741 820 3800 ΑΙ·

177 3821 284 3898 pbon.,
307 3821 362 3892 Vl,
385 3819 456 3879 631.

177 3977 218 4038 22
236 3899 302 3980 (1⁸)
320 3902 425 3972 suaa,
443 3900 494 3969 32,
505 3898 535 3969 2,
548 3900 580 3974 o;
599 3901 697 3976 nugo,
715 3899 817 3973 xxrr,

235 4057 301 4140 (19)
311 4060 359 4121 Ol.
375 4060 408 4118 S.
423 4059 531 4136 nlph„
548 4061 602 4133 Vl,
618 4059 694 4130 6313
712 4061 818 4132 Croix,

177 4139 233 4210 Vl,
258 4141 298 4212 ll,
327 4139 416 4200 1969.

250 4219 289 4280 20
324 4221 356 4280 S.
378 4220 487 4296 Atpb,
510 4220 565 4294 VI,
588 4220 656 4279 461.

251 4299 287 4359 21
324 4301 356 4360 S.
377 4299 487 4376 Alph„
511 4301 565 4373 VI,
589 4300 657 4360 461.

250 4381 289 4441 22
324 4380 452 4444 uatem.
476 4381 583 4450 Rom„
605 4382 637 4439 lt.
655 4389 691 4451 l.,
712 4399 742 4440 u.
765 4379 816 4442 60.

874 3342 1008 3414 riantur,
1031 3361 1071 3401 an
1101 3363 1193 3404 verus
1215 3346 1257 3406 sit
1285 3347 1425 3406 doloret
1447 3364 1516 3422 pro·

873 3421 1005 3498 positum
1027 3423 1263 3500 poenitentium,
1280 3444 1393 3502 ponere
1414 3427 1516 3487 solent

872 3503 910 3559 ob
930 3520 1035 3562 eorum
1056 3504 1160 3563 oeulos
1181 3505 1336 3566 iacturam
1354 3508 1512 3576 bonorum,

872 3581 1009 3642 filiorum
1032 3590 1107 3656 etc.·,
1130 3584 1188 3644 alii
1212 3593 1286 3646 vota
1315 3591 1369 3644 aut
1391 3585 1513 3646 iuratas
1616 3609 1618 3616 ·

873 3663 1091 3738 promissiones
1123 3670 1328 3740 extorquent3
1358 3663 1434 3723 illud
1466 3683 1516 3722 ο-

872 3742 941 3818 pido
963 3744 1169 3819 periculosum
1190 3743 1241 3822 (b.
1262 3745 1334 3816 Tb,
1358 3744 1465 3810 Quodl.
1484 3683 1515 3816 Ι,

873 3825 945 3881 Art.
973 3822 1016 3900 9),
1051 3823 1108 3882 boe
1140 3823 1438 3884 inconsultissimum
1460 3823 1512 3904 (V.

873 3901 979 3973 Croix,
1003 3903 1057 3972 VI,
1089 3902 1130 3974 ΙΙ,
1159 3901 1257 3982 1272).
1282 3903 1380 3962 Immo
1412 3907 1515 3962 incon-

873 3981 989 4042 sultum
1021 3987 1079 4052 est,
1104 3985 1189 4043 ultra
1221 3984 1422 4061 propositum,
1443 4003 1517 4060 pro-

873 4063 1064 4121 missionem
1086 4070 1271 4138 extorquere
1293 4081 1351 4121 non
1369 4063 1516 4140 peccandi

873 4143 909 4199 de
930 4149 1046 4201 cetero.

933 4220 998 4300 (23)
1009 4222 1041 4280 S.
1060 4222 1168 4298 Alph„
1178 4221 1233 4294 VI,
1243 4221 1312 4292 431,
1325 4221 1394 4295 ab&
1407 4223 1515 4294 Croix,

877 4299 928 4372 Vl,
954 4301 1002 4375 11,
1026 4301 1114 4362 1770.
1132 4303 1174 4362 Ut
1195 4307 1280 4378 puta,
1297 4303 1324 4361 si
1346 4303 1426 4362 alias
1448 4321 1517 4379 poe·

874 4381 989 4442 nitenti
1011 4381 1061 4441 diu
1093 4381 1317 4442 absolutionem
1348 4385 1514 4442 carendum

177 4461 273 4533 ldesl,
299 4462 327 4521 si
355 4463 557 4535 confessario
584 4464 724 4537 pusillae
753 4479 821 4520 uou
859 4462 972 4532 ,loret3
988 4462 1040 4521 val
1061 4463 1089 4522 si
1110 4463 1304 4520 metuendum
1324 4463 1377 4532 sit,
1395 4480 1432 4520 ne
1452 4480 1517 4525 am·

178 4543 374 4612 innotescat,
388 4544 526 4600 omuino
547 4541 690 4601 dolorem
712 4541 820 4601 deesse
874 4541 956 4617 plius
987 4545 1177 4614 revertatur,
1202 4545 1234 4600 et
1256 4541 1287 4599 in
1309 4541 1445 4618 peccatis
1469 4547 1518 4602 ta·

87 4623 92 4632 '
177 4620 224 4700 (S.
248 4621 357 4698 Alps,
382 4621 402 4682 l.
420 4619 474 4701 c.).
497 4621 657 4692 Nonnulli,
675 4626 709 4682 ut
729 4639 821 4698 expe·

844 4615 846 4620 ·
874 4623 981 4682 pascu
999 4623 1046 4703 (s.
1070 4621 1178 4699 arpo,
1201 4619 1271 4693 432,
1295 4619 1362 4700 rr).
