3594 5122
648 261 752 308 curor
777 263 799 308 ι.
825 262 866 308 or
889 261 1046 306 rarrrsrro
1451 235 1512 303 241

182 366 304 436 mortis
326 365 454 435 sufficit
476 362 626 434 intentio
649 361 830 452 implicita,
855 382 896 431 ea
921 382 1046 450 nempe
1069 379 1157 450 qnae
1180 357 1381 428 continetur
1403 360 1440 426 in
1456 379 1517 428 vo·

181 474 316 544 luntate
339 469 444 540 dandi
468 490 599 540 nornen
623 467 793 556 Religioni
814 468 1029 538 christianae
1048 468 1130 557 (ll);
1158 472 1193 534 et
1219 467 1348 553 (torte),
1374 464 1402 534 si
1425 465 1517 534 lranc

181 579 329 669 ignoret,
367 578 423 648 vel
449 575 562 646 solum
590 573 739 644 faciendi
766 595 1005 665 quaecumque
1033 573 1227 644 necessaria
1254 578 1337 642 sunt
1363 572 1518 642 adsalu-

181 692 255 756 tem
265 686 345 776 (42).
364 689 404 754 ln
428 682 621 752 infantibus
644 681 722 750 liliis
745 680 950 768 infidelium,
979 682 1033 752 rel
1058 681 1325 767 haereticorum,
1351 681 1517 750 nonnulla

182 790 399 861 observanda
421 795 517 872 sunt,
542 793 582 856 nt
606 789 697 857 licite
720 787 887 878 baptizari
910 787 1044 878 possint
1060 788 1144 876 (45).
1172 791 1213 854 m
1235 785 1272 856 in
1289 785 1408 876 primis
1423 785 1518 854 iusti-

183 897 266 982 tiae,
292 901 329 965 et
351 894 508 984 religioni
534 901 673 964 nostrae
696 893 894 964 cavendum
918 900 987 962 est:
1013 893 1062 962 illi
1087 915 1131 962 ne
1154 893 1374 983 baptizentur
1396 891 1517 962 invitis

181 1002 394 1096 parentibns;
420 1001 502 1070 huic
526 1021 570 1069 ue
593 1002 777 1088 baptizati,
800 1009 985 1090 postquam
1009 999 1208 1088 infantiam
1231 1002 1450 1084 excesserint,
1475 1002 1519 1068 ad

181 1133 303 1183 corum
327 1109 530 1198 religionem
553 1108 708 1177 redeant.
735 1111 865 1176 Verum
889 1128 977 1198 qnae
1001 1107 1057 1176 lric
1091 1107 1216 1176 dicturi
1244 1126 1377 1192 sumna,
1407 1108 1511 1197 respi-

183 1219 283 1288 ciunt
304 1235 429 1308 pueros
453 1222 530 1305 post
552 1215 763 1304 baptismum
788 1213 878 1304 apud
907 1233 987 1283 snos
1019 1233 1239 1282 remansuros
1257 1214 1340 1300 (44),
1374 1221 1409 1283 et
1442 1215 1518 1284 nnl-

183 1326 321 1395 latenus
344 1322 387 1392 ad
411 1341 469 1390 eos
493 1313 683 1410 pertinent,
709 1320 768 1411 qui
792 1327 957 1410 perpetua
981 1318 1135 1389 amentia
1159 1319 1319 1388 laborant
1337 1319 1426 1408 (tt);
1453 1340 1518 1390 nec

183 1431 225 1502 ad
249 1429 390 1520 eosqui
414 1433 601 1497 versantur
623 1426 659 1496 in
684 1426 830 1496 articulo
854 1447 915 1496 seu
939 1427 1092 1517 periculo
1109 1425 1232 1524 mortis
1249 1427 1331 1514 (46).
1359 1426 1423 1496 Sed
1438 1426 1518 1517 quia

182 1535 375 1606 infidelium
398 1539 434 1604 et
456 1533 712 1604 haereticorum
736 1553 808 1602 non
831 1555 894 1623 par
915 1541 969 1603 est
992 1533 1093 1620 ratio,
1119 1533 1160 1602 de
1184 1534 1339 1625 utrisque
1364 1553 1519 1603 seorsum

183 1641 357 1731 agendum
383 1645 447 1710 est.

244 1751 321 1818 275.
348 1753 467 1838 ltaque
493 1767 598 1834 grave
621 1753 674 1816 est
697 1753 819 1817 contra
842 1746 1013 1817 iustitiam
1038 1768 1163 1838 pueros
1187 1746 1379 1818 infidelium
1410 1747 1520 1837 bapti·

184 1877 276 1941 zare,
302 1853 424 1924 invitis
447 1853 650 1944 parentibus
668 1855 752 1942 (47);
777 1853 844 1924 nisi
874 1856 963 1923 forte
995 1853 1030 1924 hi
1060 1855 1171 1944 patria
1199 1863 1363 1942 potestate
1392 1855 1519 1923 cecide-

184 2042 324 2102 fidelinm
345 2039 398 2100 vel
419 2038 648 2098 haereticorum
670 2037 759 2098 licite
774 2041 826 2098 ba·

877 2039 1065 2111 haereticos,
1078 2041 1131 2099 vel
1141 2040 1356 2100 idololatrieos
1368 2041 1415 2121 (S.
1428 2043 1466 2103 U.
1479 2043 1518 2114 Ι.,
1562 2091 1565 2098 .

184 2122 354 2201 ptizantur,
378 2120 441 2178 nisi
455 2120 538 2179 adsit
553 2121 737 2193 apostasiae
758 2137 826 2179 cer-

878 2121 897 2179 8
925 2119 1037 2180 Martii
1069 2119 1163 2193 18703
1198 2120 1404 2180 Collectacea
1442 2127 1518 2194 ete,

186 2203 289 2262 titudo
310 2200 357 2280 (S.
371 2202 408 2260 U.
425 2197 465 2268 1.,
489 2199 521 2256 in
543 2197 601 2257 fer.
626 2201 665 2271 V,
682 2197 720 2256 12
734 2199 824 2259 Octo·

185 2283 250 2342 bris
273 2280 362 2351 16003
385 2281 444 2340 fer.
467 2277 523 2349 IV,
548 2277 586 2336 13
606 2281 697 2341 Febr.
724 2278 823 2357 1867).

245 2361 295 2440 (41
331 2361 428 2435 Lnga,
453 2358 509 2428 IX,
534 2358 602 2418 130.

244 2439 297 2521 (42
330 2442 437 2511 Oroix,
461 2438 516 2507 VI,
549 2437 574 2507 Ι,
606 2437 681 2510 288;
712 2440 823 2508 Gobat,

186 2523 239 2582 Tr.
266 2519 307 2590 ΙΙ,
323 2520 392 2580 288.
410 2518 507 2578 Immo
521 2526 553 2577 et
569 2535 606 2576 ea
620 2535 699 2593 quae
713 2519 744 2576 in
760 2520 827 2578 sola

185 2601 352 2661 attritione
362 2598 539 2658 continetur
551 2597 669 2678 (Spar,
688 2597 755 2670 1563
768 2601 826 2657 Go-

186 2684 251 2750 bat3
275 2681 409 2750 Dicast.;
433 2679 465 2737 S.
488 2679 597 2754 Alpa..
614 2678 669 2748 Vl,
685 2677 748 2756 82).
772 2680 824 2749 Et,

185 2761 277 2819 rebus
298 2759 483 2835 desperatio,
507 2763 610 2818 recte:
634 2765 668 2818 at
689 2775 757 2816 cum
779 2776 827 2816 sa·

185 2857 255 2899 nam
279 2849 413 2897 mentem
445 2837 600 2914 receperit
630 2840 738 2909 denuo,
773 2840 827 2896 sub

103 2948 110 2960 ·
185 2917 375 2989 conditione,
393 2919 595 2994 baptizandus
610 2919 685 2989 erit;
709 2936 744 2976 eo
759 2921 828 2976 tan·

185 3007 252 3060 tum
274 3003 415 3074 excepto,
439 2995 491 3072 qui
514 3015 620 3056 veram
642 3005 674 3057 et
695 2997 828 3073 explici-

186 3087 253 3138 tam
288 3095 344 3135 nec
375 3082 585 3137 retractatam
622 3076 827 3138 intentionem

186 3157 329 3216 habebat.

878 2199 1003 2280 ιι.218).
1029 2201 1087 2260 His
1107 2201 1288 2260 accensendi
1310 2209 1381 2260 snut
1403 2202 1518 2262 idiotae

877 2280 994 2362 (Prol,
1010 2281 1090 2357 §30,
1101 2299 1131 2339 ιι.
1144 2279 1186 2358 2).
1200 2279 1259 2346 Qui
1271 2281 1298 2340 si
1309 2281 1416 2356 aliqua
1427 2283 1520 2343 edant

878 2361 1012 2422 rationis
1034 2359 1163 2430 indicia,
1187 2359 1338 2434 siquidem
1355 2361 1520 2421 moraliter

880 2447 1002 2499 constat
1016 2459 1068 2499 eos
1083 2457 1222 2516 capaces,
1246 2440 1296 2498 rel
1312 2445 1421 2499 contra
1435 2439 1519 2498 inca·

878 2537 970 2597 paces
990 2539 1058 2579 esse
1079 2521 1225 2596 peccandi
1246 2520 1440 2588 mortaliter,
1464 2520 1518 2579 illi

879 2600 1035 2675 baptizari
1056 2619 1124 2657 aaa
1149 2607 1301 2676 possunt,
1328 2600 1362 2658 hi
1393 2601 1520 2670 debeat,

879 2683 1024 2755 quamvis
1045 2687 1191 2756 parentes
1212 2679 1354 2738 infideles
1376 2696 1427 2738 eos
1449 2681 1520 2739 offe·

880 2763 953 2818 rant
973 2760 1174 2836 baptizandos
1196 2758 1428 2836 superstitionis
1450 2777 1520 2818 can-

881 2857 927 2911 sa,
950 2839 1003 2898 vel
1025 2843 1059 2898 ut
1074 2841 1112 2896 ab
1127 2839 1324 2915 aegritudine
1339 2843 1394 2897 aut
1415 2842 1521 2899 morbo

880 2921 985 2994 aliquo
1015 2929 1217 2978 servarentur
1237 2917 1314 2997 (uit.
1345 2919 1522 2991 Postrema,

881 2997 976 3078 §22).
1016 3001 1048 3057 Si
1078 3005 1220 3057 nentrum
1248 2999 1327 3057 satis
1355 3005 1517 3075 appareat,

880 3081 1045 3156 praevalet
1068 3079 1159 3136 lavor
1180 3079 1253 3137 fidei
1275 3082 1306 3136 et
1328 3079 1441 3138 salutis
1469 3097 1519 3138 eo·

881 3177 950 3217 rum
979 3165 1144 3230 aeternae;
1173 3165 1205 3218 et
1235 3159 1302 3216 ideo
1330 3157 1523 3235 regulariter

245 3235 311 3318 (43)
332 3237 417 3296 Haec
431 3236 507 3296 olim
523 3235 599 3295 solis
614 3237 682 3296 t'ere
703 3237 828 3296 Missio·
881 3240 1038 3315 baptizari
1058 3246 1185 3316 possunt
1205 3237 1252 3315 (S.
1286 3239 1320 3298 G.
1347 3240 1384 3298 de
1412 3239 1521 3316 Prop„

186 3317 307 3388 nariis3
323 3316 424 3387 hodie,
440 3317 518 3392 proh
532 3317 637 3376 dolorl
654 3317 740 3376 nobis
755 3335 827 3392 quo·
883 3317 920 3375 17
942 3321 1045 3394 April.
1071 3318 1159 3390 1777;
1184 3318 1327 3387 Colleet„
1342 3337 1373 3376 n.
1395 3315 1480 3396 219).

186 3415 244 3474 qne
266 3397 346 3456 scitu
369 3396 547 3454 necessaria
569 3400 652 3456 sunt.
942 3398 1008 3477 (46)
1023 3401 1057 3460 O.
1075 3400 1251 3466 Postremo,
1266 3399 1284 3473 ἓ
1299 3400 1330 3468 8,
1354 3399 1386 3456 S.
1411 3399 1445 3457 G.
1477 3399 1521 3456 De

246 3475 310 3556 (44)
332 3478 365 3535 S.
383 3477 419 3536 U.
438 3476 477 3544 1.,
499 3474 540 3534 29
554 3477 634 3535 Nor.
653 3476 741 3536 1794:
757 3494 828 3536 nam
882 3479 991 3554 Prop,
1015 3479 1052 3537 17
1067 3479 1171 3555 April.
1190 3477 1279 3546 1777,
1304 3497 1334 3535 n.
1358 3477 1430 3536 211.
1464 3479 1523 3536 Pe·

187 3556 214 3615 si
229 3574 323 3632 penes
338 3556 421 3632 ipsos
436 3557 636 3632 baptizandos
651 3557 828 3616 remansuri
882 3559 982 3617 riculo
1003 3561 1128 3634 inquam
1144 3559 1175 3618 in
1191 3577 1249 3634 quo
1265 3565 1411 3618 versatur
1426 3559 1453 3616 is
1468 3559 1521 3632 qni

186 3637 261 3708 sint,
285 3636 456 3712 periculum
472 3639 585 3706 cessat,
601 3641 633 3695 et
648 3637 715 3694 ideo
729 3638 828 3712 bapti·
883 3639 1084 3715 baptizandus
1105 3645 1165 3710 est,
1198 3645 1231 3698 et
1257 3657 1316 3697 non
1346 3637 1521 3706 communi,

185 3721 364 3776 zareeoset
379 3715 455 3775 licet
470 3719 502 3774 et
516 3723 649 3790 oportet.
667 3717 825 3788 Ceterum,
883 3736 914 3776 r.
939 3737 980 3788 e.,
1004 3719 1165 3778 saeviente
1186 3721 1282 3795 peste,
1308 3719 1382 3777 licet
1403 3735 1443 3775 ex
1465 3715 1524 3778 100

186 3794 827 3872 etsiinvitisparentibusablntifuerint,
881 3815 990 3874 pueros
1021 3799 1062 3859 90
1092 3803 1220 3875 pereant
1249 3798 1318 3878 (cit.
1351 3797 1382 3854 S.
1402 3799 1458 3868 O.,
1490 3815 1522 3854 v.

186 3893 244 3934 non
260 3876 337 3934 licet
348 3875 415 3934 illis
430 3893 481 3934 eos
496 3876 635 3947 reddere,
650 3877 701 3935 sed
714 3878 745 3935 in
760 3877 828 3936 loco
882 3879 976 3937 Idem
1004 3877 1267 3954 miestaoarius).
1304 3878 1345 3936 Et
1370 3878 1523 3954 privatim

186 3959 256 4016 tuto
271 3955 443 4014 collocandi
454 3959 535 4024 sunt,
548 3963 580 4013 et
592 3957 747 4016 catholice
759 3957 829 4015 edn-
883 3959 950 4017 sine
972 3959 1047 4018 ullis
1061 3976 1188 4036 prorsus
1203 3957 1456 4016 solemnitatibus
1470 3958 1523 4014 ba·

187 4035 277 4094 candi
287 4033 376 4112 (Ben.
391 4033 474 4104 xlv,
485 4035 519 4095 C.
531 4035 695 4094 Postremo
708 4055 830 4107 mense,
883 4039 1019 4114 ptizandi
1035 4043 1107 4099 sunt
1119 4039 1167 4118 (S.
1184 4039 1221 4098 U.
1239 4036 1279 4107 Ι.,
1295 4036 1333 4096 21
1349 4035 1415 4095 Ian.
1431 4037 1522 4108 17673

187 4115 227 4190 ἐξ,
240 4114 290 4183 23,
302 4115 352 4186 ⁶28,
365 4115 417 4186 303
440 4115 487 4174 De
497 4115 669 4190 Baptistae
696 4119 830 4176 iudaeo-
884 4120 958 4178 Pius
980 4117 1051 4190 VII,
1067 4119 1164 4178 lustr.
1187 4119 1228 4178 27
1242 4117 1324 4176 lunii
1340 4115 1441 4194 1816).

189 4213 279 4264 rum,
299 4194 339 4254 28
360 4195 620 4267 representa
642 4198 697 4256 Το.
722 4197 763 4267 ΙΙ,
776 4198 828 4270 28;
942 4197 1009 4278 (47)
1029 4202 1063 4260 G.
1089 4199 1264 4266 Postremo,
1284 4199 1322 4272 ἐξ
1344 4199 1383 4270 4,
1409 4196 1464 4269 14;
1486 4213 1524 4254 ne

186 4293 227 4336 ex
247 4293 307 4350 qna
335 4292 411 4351 pene
437 4277 540 4334 omnia
567 4277 726 4336 hausimus
751 4295 830 4353 quae
883 4277 1022 4354 principe
1031 4279 1152 4354 quidem
1166 4283 1296 4355 cogente
1309 4277 1360 4355 (D.
1374 4279 1447 4348 rh,
1465 4275 1524 4348 ΙΙΙ,

187 4354 259 4414 heic
279 4355 396 4414 dicturi
418 4351 546 4433 sumus).
882 4358 934 4423 68,
949 4357 997 4429 lo,
1011 4360 1049 4418 ad
1061 4359 1092 4430 23
1104 4357 1142 4417 V.
1160 4360 1258 4435 Lnga,
1272 4357 1319 4417 De
1330 4357 1426 4426 Fide,
1436 4357 1522 4429 XIX,

246 4433 312 4516 (45)
331 4437 369 4495 D.
394 4436 473 4506 ru,
497 4435 555 4507 Ill,
583 4435 641 4506 68,
667 4434 715 4496 12.
739 4437 830 4496 Licet
884 4455 947 4496 an.
964 4437 1017 4517 70)
1031 4440 1092 4498 nisi
1107 4439 1191 4498 forte
1205 4457 1271 4516 qua
1288 4439 1444 4497 dominas
1459 4455 1525 4498 ser-

186 4515 399 4576 materialiter
410 4515 651 4592 adeanttempla
659 4515 832 4576 idololatri·
885 4537 938 4576 vos
959 4518 1074 4598 (Prot,
1097 4519 1198 4596 5117,
1220 4538 1251 4577 ιι.
1268 4519 1312 4598 2),
1336 4519 1388 4577 nbi
1403 4519 1460 4576 lroe
1475 4517 1523 4576 ius

189 4596 286 4654 cavel
297 4595 458 4656 haeretica
473 4602 504 4654 et
519 4595 601 4656 ritus
612 4602 765 4673 peragant
778 4598 830 4656 vel
884 4599 983 4682 adhue
1008 4600 1097 4676 viget
1124 4600 1214 4680 (Ben.
1233 4599 1325 4670 XIV,
1357 4599 1391 4658 O.
1423 4599 1524 4658 Probe

295 4768 323 4810 θ’
331 4771 478 4814 usurasne.
493 4773 638 4815 summula
655 4771 739 4816 Theot.
755 4781 824 4815 mor.
839 4770 894 4816 vol.
910 4773 953 4815 111.
1394 4771 1419 4814 lo
