<?xml version="1.0" encoding="UTF-8"?>
<!DOCTYPE html PUBLIC "-//W3C//DTD XHTML 1.0 Transitional//EN"
    "http://www.w3.org/TR/xhtml1/DTD/xhtml1-transitional.dtd">
<html xmlns="http://www.w3.org/1999/xhtml" xml:lang="en" lang="en">
 <head>
  <title>
</title>
<meta http-equiv="Content-Type" content="text/html;charset=utf-8" />
  <meta name='ocr-system' content='tesseract 3.04.00' />
  <meta name='ocr-capabilities' content='ocr_page ocr_carea ocr_par ocr_line ocrx_word'/>
</head>
<body>
  <div class='ocr_page' id='page_1' title='image "./summulatheologi02annigoog_0142.png"; bbox 0 0 3576 5120; ppageno 0'>
   <div class='ocr_carea' id='block_1_1' title="bbox 279 189 1487 260">
    <p class='ocr_par' dir='ltr' id='par_1_1' title="bbox 279 189 1487 260">
     <span class='ocr_line' id='line_1_1' title="bbox 279 189 1487 260; baseline 0 -2"><span class='ocrx_word' id='word_1_1' title='bbox 279 189 340 258; x_wconf 81' lang='grc'><strong>158</strong></span> <span class='ocrx_word' id='word_1_2' title='bbox 402 213 491 258; x_wconf 80' lang='lat' dir='ltr'><strong>tiara</strong></span> <span class='ocrx_word' id='word_1_3' title='bbox 515 213 550 258; x_wconf 89' lang='lat' dir='ltr'><strong>rr.</strong></span> <span class='ocrx_word' id='word_1_4' title='bbox 568 229 589 241; x_wconf 94' lang='lat'><em>-</em></span> <span class='ocrx_word' id='word_1_5' title='bbox 605 214 721 260; x_wconf 77' lang='lat' dir='ltr'><strong>raacr.</strong></span> <span class='ocrx_word' id='word_1_6' title='bbox 748 215 783 260; x_wconf 94' lang='grc' dir='ltr'><strong>ιι.</strong></span> <span class='ocrx_word' id='word_1_7' title='bbox 809 215 872 259; x_wconf 87' lang='lat' dir='ltr'><strong>rm.</strong></span> <span class='ocrx_word' id='word_1_8' title='bbox 900 215 922 260; x_wconf 89' lang='lat'><strong>1.</strong></span> <span class='ocrx_word' id='word_1_9' title='bbox 949 215 988 259; x_wconf 83' lang='lat' dir='ltr'><strong>ns</strong></span> <span class='ocrx_word' id='word_1_10' title='bbox 1012 213 1268 260; x_wconf 79' lang='lat' dir='ltr'><strong>oauroarroumus</strong></span> <span class='ocrx_word' id='word_1_11' title='bbox 1292 213 1487 260; x_wconf 86' lang='lat' dir='ltr'><strong>cusarconuu</strong></span> 
     </span>
    </p>
   </div>
   <div class='ocr_carea' id='block_1_2' title="bbox 275 311 1613 1152">
    <p class='ocr_par' dir='ltr' id='par_1_2' title="bbox 275 311 1613 1152">
     <span class='ocr_line' id='line_1_2' title="bbox 275 311 1613 402; baseline 0.004 -23"><span class='ocrx_word' id='word_1_12' title='bbox 275 331 413 402; x_wconf 86' lang='lat' dir='ltr'><strong>quoque</strong></span> <span class='ocrx_word' id='word_1_13' title='bbox 437 311 568 381; x_wconf 82' lang='lat' dir='ltr'>ordinis</span> <span class='ocrx_word' id='word_1_14' title='bbox 592 317 809 402; x_wconf 89' lang='lat' dir='ltr'><strong>contemptu,</strong></span> <span class='ocrx_word' id='word_1_15' title='bbox 835 317 897 382; x_wconf 89' lang='lat' dir='ltr'><strong>aut</strong></span> <span class='ocrx_word' id='word_1_16' title='bbox 919 313 1094 400; x_wconf 90' lang='lat' dir='ltr'><strong>scandalo)</strong></span> <span class='ocrx_word' id='word_1_17' title='bbox 1119 333 1225 401; x_wconf 84' lang='lat' dir='ltr'><strong>grave</strong></span> <span class='ocrx_word' id='word_1_18' title='bbox 1248 317 1302 382; x_wconf 88' lang='lat' dir='ltr'><strong>est</strong></span> <span class='ocrx_word' id='word_1_19' title='bbox 1318 315 1378 402; x_wconf 83' lang='lat'><strong>(6),</strong></span> <span class='ocrx_word' id='word_1_20' title='bbox 1404 313 1470 384; x_wconf 91' lang='lat' dir='ltr'><strong>nisi</strong></span> <span class='ocrx_word' id='word_1_21' title='bbox 1493 313 1555 384; x_wconf 88' lang='lat' dir='ltr'><strong>fiat</strong></span> <span class='ocrx_word' id='word_1_22' title='bbox 1570 315 1613 384; x_wconf 90' lang='lat' dir='ltr'><strong>ad</strong></span> 
     </span>
     <span class='ocr_line' id='line_1_3' title="bbox 276 407 1612 512; baseline 0.005 -29"><span class='ocrx_word' id='word_1_23' title='bbox 276 415 381 486; x_wconf 86' lang='lat' dir='ltr'><strong>breve</strong></span> <span class='ocrx_word' id='word_1_24' title='bbox 407 423 544 507; x_wconf 91' lang='lat' dir='ltr'><strong>tempus</strong></span> <span class='ocrx_word' id='word_1_25' title='bbox 563 421 620 507; x_wconf 96' lang='grc'>(7).</span> <span class='ocrx_word' id='word_1_26' title='bbox 648 420 772 487; x_wconf 82' lang='lat' dir='ltr'><strong>lubeat</strong></span> <span class='ocrx_word' id='word_1_27' title='bbox 786 407 933 505; x_wconf 88' lang='lat' dir='ltr'><strong>deferre,</strong></span> <span class='ocrx_word' id='word_1_28' title='bbox 956 421 1018 506; x_wconf 91' lang='lat' dir='ltr'><strong>l⁰.,</strong></span> <span class='ocrx_word' id='word_1_29' title='bbox 1039 427 1153 489; x_wconf 87' lang='lat' dir='ltr'><strong>vestes</strong></span> <span class='ocrx_word' id='word_1_30' title='bbox 1169 421 1294 490; x_wconf 86' lang='lat' dir='ltr'><strong>talares</strong></span> <span class='ocrx_word' id='word_1_31' title='bbox 1311 420 1372 509; x_wconf 94' lang='grc'>(8),</span> <span class='ocrx_word' id='word_1_32' title='bbox 1398 427 1612 512; x_wconf 87' lang='lat' dir='ltr'><strong>ceterasque,</strong></span> 
     </span>
     <span class='ocr_line' id='line_1_4' title="bbox 275 519 1613 616; baseline 0.004 -26"><span class='ocrx_word' id='word_1_33' title='bbox 275 519 403 592; x_wconf 88' lang='lat' dir='ltr'><strong>iudiclo</strong></span> <span class='ocrx_word' id='word_1_34' title='bbox 419 524 586 614; x_wconf 83' lang='lat' dir='ltr'>Episcopi,</span> <span class='ocrx_word' id='word_1_35' title='bbox 600 525 720 594; x_wconf 86' lang='lat' dir='ltr'><strong>Ordini</strong></span> <span class='ocrx_word' id='word_1_36' title='bbox 733 531 965 616; x_wconf 79' lang='lat' dir='ltr'>congruentes</span> <span class='ocrx_word' id='word_1_37' title='bbox 981 527 1039 612; x_wconf 91' lang='grc'>(9).</span> <span class='ocrx_word' id='word_1_38' title='bbox 1060 527 1109 596; x_wconf 71' lang='lat'><strong>2⁰.</strong></span> <span class='ocrx_word' id='word_1_39' title='bbox 1129 531 1341 611; x_wconf 61' lang='lat' dir='ltr'><strong>Tonsorem</strong></span> <span class='ocrx_word' id='word_1_40' title='bbox 1356 527 1482 596; x_wconf 83' lang='lat' dir='ltr'>exinde</span> <span class='ocrx_word' id='word_1_41' title='bbox 1494 531 1613 596; x_wconf 89' lang='lat' dir='ltr'><strong>autem</strong></span> 
     </span>
     <span class='ocr_line' id='line_1_5' title="bbox 276 629 1612 728; baseline 0.004 -30"><span class='ocrx_word' id='word_1_42' title='bbox 276 629 424 701; x_wconf 91' lang='lat' dir='ltr'><strong>vetitum</strong></span> <span class='ocrx_word' id='word_1_43' title='bbox 448 640 501 701; x_wconf 90' lang='lat' dir='ltr'><strong>est</strong></span> <span class='ocrx_word' id='word_1_44' title='bbox 523 631 655 702; x_wconf 81' lang='lat' dir='ltr'><strong>clericis</strong></span> <span class='ocrx_word' id='word_1_45' title='bbox 679 636 796 703; x_wconf 86' lang='lat' dir='ltr'><strong>laxare</strong></span> <span class='ocrx_word' id='word_1_46' title='bbox 828 655 964 704; x_wconf 87' lang='lat' dir='ltr'><strong>comam</strong></span> <span class='ocrx_word' id='word_1_47' title='bbox 989 635 1078 722; x_wconf 91' lang='grc'>(19),</span> <span class='ocrx_word' id='word_1_48' title='bbox 1103 639 1139 702; x_wconf 91' lang='lat' dir='ltr'><strong>et</strong></span> <span class='ocrx_word' id='word_1_49' title='bbox 1162 635 1228 704; x_wconf 88' lang='lat' dir='ltr'><strong>hoc</strong></span> <span class='ocrx_word' id='word_1_50' title='bbox 1250 657 1385 728; x_wconf 87' lang='lat' dir='ltr'><strong>quoque</strong></span> <span class='ocrx_word' id='word_1_51' title='bbox 1406 641 1461 704; x_wconf 90' lang='lat' dir='ltr'><strong>est</strong></span> <span class='ocrx_word' id='word_1_52' title='bbox 1484 655 1612 723; x_wconf 80' lang='lat' dir='ltr'><strong>grave,</strong></span> 
     </span>
     <span class='ocr_line' id='line_1_6' title="bbox 276 737 1613 831; baseline 0.004 -26"><span class='ocrx_word' id='word_1_53' title='bbox 276 737 341 806; x_wconf 93' lang='lat' dir='ltr'><strong>nisi</strong></span> <span class='ocrx_word' id='word_1_54' title='bbox 366 760 466 809; x_wconf 86' lang='lat' dir='ltr'><strong>coma</strong></span> <span class='ocrx_word' id='word_1_55' title='bbox 490 740 535 808; x_wconf 90' lang='lat' dir='ltr'><strong>sit</strong></span> <span class='ocrx_word' id='word_1_56' title='bbox 559 740 737 810; x_wconf 90' lang='lat' dir='ltr'><strong>moderata</strong></span> <span class='ocrx_word' id='word_1_57' title='bbox 756 741 837 828; x_wconf 91' lang='grc'>(11),</span> <span class='ocrx_word' id='word_1_58' title='bbox 863 747 924 813; x_wconf 88' lang='lat' dir='ltr'><strong>aut</strong></span> <span class='ocrx_word' id='word_1_59' title='bbox 947 739 1039 810; x_wconf 93' lang='lat' dir='ltr'><strong>aliud</strong></span> <span class='ocrx_word' id='word_1_60' title='bbox 1063 743 1153 810; x_wconf 92' lang='lat' dir='ltr'><strong>ferat</strong></span> <span class='ocrx_word' id='word_1_61' title='bbox 1177 763 1252 812; x_wconf 94' lang='lat' dir='ltr'><strong>mos</strong></span> <span class='ocrx_word' id='word_1_62' title='bbox 1284 741 1444 831; x_wconf 80' lang='lat' dir='ltr'><strong>regionis.</strong></span> <span class='ocrx_word' id='word_1_63' title='bbox 1478 743 1527 812; x_wconf 79' lang='lat'><strong>5⁰.</strong></span> <span class='ocrx_word' id='word_1_64' title='bbox 1558 742 1613 810; x_wconf 79' lang='lat' dir='ltr'><strong>Co-</strong></span> 
     </span>
     <span class='ocr_line' id='line_1_7' title="bbox 276 845 1613 938; baseline 0 -22"><span class='ocrx_word' id='word_1_65' title='bbox 276 868 421 929; x_wconf 83' lang='lat' dir='ltr'><strong>r·cnom;</strong></span> <span class='ocrx_word' id='word_1_66' title='bbox 445 847 578 916; x_wconf 90' lang='lat' dir='ltr'><strong>scilicet</strong></span> <span class='ocrx_word' id='word_1_67' title='bbox 600 848 817 936; x_wconf 92' lang='lat' dir='ltr'><strong>ampliorem,</strong></span> <span class='ocrx_word' id='word_1_68' title='bbox 844 845 900 916; x_wconf 90' lang='lat' dir='ltr'><strong>vel</strong></span> <span class='ocrx_word' id='word_1_69' title='bbox 923 847 1160 937; x_wconf 79' lang='lat' dir='ltr'><strong>angustiorem</strong></span> <span class='ocrx_word' id='word_1_70' title='bbox 1185 869 1246 938; x_wconf 94' lang='lat' dir='ltr'><strong>pro</strong></span> <span class='ocrx_word' id='word_1_71' title='bbox 1274 849 1402 919; x_wconf 84' lang='lat' dir='ltr'><strong>Ordine</strong></span> <span class='ocrx_word' id='word_1_72' title='bbox 1433 857 1480 918; x_wconf 80' lang='lat' dir='ltr'><strong>ad</strong></span> <span class='ocrx_word' id='word_1_73' title='bbox 1504 848 1613 936; x_wconf 81' lang='lat' dir='ltr'><strong>digni·</strong></span> 
     </span>
     <span class='ocr_line' id='line_1_8' title="bbox 275 954 1611 1044; baseline 0.001 -21"><span class='ocrx_word' id='word_1_74' title='bbox 275 961 348 1023; x_wconf 88' lang='lat' dir='ltr'><strong>tate</strong></span> <span class='ocrx_word' id='word_1_75' title='bbox 365 957 446 1042; x_wconf 77' lang='grc'>(19)</span> <span class='ocrx_word' id='word_1_76' title='bbox 473 955 532 1024; x_wconf 90' lang='lat' dir='ltr'><strong>sed</strong></span> <span class='ocrx_word' id='word_1_77' title='bbox 549 960 666 1024; x_wconf 88' lang='lat' dir='ltr'><strong>utrum</strong></span> <span class='ocrx_word' id='word_1_78' title='bbox 684 956 785 1026; x_wconf 91' lang='lat' dir='ltr'><strong>letale</strong></span> <span class='ocrx_word' id='word_1_79' title='bbox 802 954 847 1024; x_wconf 86' lang='lat' dir='ltr'><strong>sit</strong></span> <span class='ocrx_word' id='word_1_80' title='bbox 862 976 903 1025; x_wconf 90' lang='lat' dir='ltr'><strong>ea</strong></span> <span class='ocrx_word' id='word_1_81' title='bbox 919 975 1038 1024; x_wconf 88' lang='lat' dir='ltr'><strong>carere</strong></span> <span class='ocrx_word' id='word_1_82' title='bbox 1055 955 1126 1042; x_wconf 93' lang='lat' dir='ltr'><strong>diu,</strong></span> <span class='ocrx_word' id='word_1_83' title='bbox 1144 955 1282 1026; x_wconf 87' lang='lat' dir='ltr'><strong>difficile</strong></span> <span class='ocrx_word' id='word_1_84' title='bbox 1299 963 1351 1025; x_wconf 88' lang='lat' dir='ltr'><strong>est</strong></span> <span class='ocrx_word' id='word_1_85' title='bbox 1366 955 1512 1025; x_wconf 86' lang='lat' dir='ltr'><strong>definire</strong></span> <span class='ocrx_word' id='word_1_86' title='bbox 1528 957 1611 1044; x_wconf 80' lang='grc'>(15).</span> 
     </span>
     <span class='ocr_line' id='line_1_9' title="bbox 277 1062 1607 1152; baseline 0.001 -22"><span class='ocrx_word' id='word_1_87' title='bbox 277 1065 320 1130; x_wconf 79' lang='lat' dir='ltr'><strong>at</strong></span> <span class='ocrx_word' id='word_1_88' title='bbox 344 1063 497 1152; x_wconf 89' lang='lat' dir='ltr'><strong>profecto</strong></span> <span class='ocrx_word' id='word_1_89' title='bbox 522 1083 600 1132; x_wconf 92' lang='lat' dir='ltr'><strong>eam</strong></span> <span class='ocrx_word' id='word_1_90' title='bbox 624 1082 694 1131; x_wconf 95' lang='lat' dir='ltr'><strong>non</strong></span> <span class='ocrx_word' id='word_1_91' title='bbox 719 1062 865 1146; x_wconf 89' lang='lat' dir='ltr'><strong>deferre,</strong></span> <span class='ocrx_word' id='word_1_92' title='bbox 892 1063 948 1131; x_wconf 87' lang='lat' dir='ltr'><strong>vel</strong></span> <span class='ocrx_word' id='word_1_93' title='bbox 972 1062 1130 1132; x_wconf 89' lang='lat' dir='ltr'><strong>habitum</strong></span> <span class='ocrx_word' id='word_1_94' title='bbox 1154 1063 1313 1149; x_wconf 88' lang='lat' dir='ltr'><strong>talarem,</strong></span> <span class='ocrx_word' id='word_1_95' title='bbox 1340 1063 1397 1133; x_wconf 91' lang='lat' dir='ltr'><strong>vel</strong></span> <span class='ocrx_word' id='word_1_96' title='bbox 1412 1069 1607 1148; x_wconf 83' lang='lat' dir='ltr'><strong>tonsuram,</strong></span> 
     </span>
    </p>
   </div>
   <div class='ocr_carea' id='block_1_3' title="bbox 275 1167 1615 1790">
    <p class='ocr_par' dir='ltr' id='par_1_3' title="bbox 275 1167 1613 1343">
     <span class='ocr_line' id='line_1_10' title="bbox 275 1167 1613 1258; baseline -0.001 -20"><span class='ocrx_word' id='word_1_97' title='bbox 275 1174 353 1257; x_wconf 92' lang='lat' dir='ltr'><strong>post</strong></span> <span class='ocrx_word' id='word_1_98' title='bbox 376 1167 606 1238; x_wconf 90' lang='lat' dir='ltr'><strong>monitionem</strong></span> <span class='ocrx_word' id='word_1_99' title='bbox 630 1167 815 1254; x_wconf 90' lang='lat' dir='ltr'><strong>Ordinarii,</strong></span> <span class='ocrx_word' id='word_1_100' title='bbox 841 1169 934 1237; x_wconf 89' lang='lat' dir='ltr'><strong>letali</strong></span> <span class='ocrx_word' id='word_1_101' title='bbox 960 1190 1030 1238; x_wconf 93' lang='lat' dir='ltr'><strong>non</strong></span> <span class='ocrx_word' id='word_1_102' title='bbox 1056 1176 1158 1238; x_wconf 88' lang='lat' dir='ltr'><strong>vacat</strong></span> <span class='ocrx_word' id='word_1_103' title='bbox 1177 1171 1259 1257; x_wconf 84' lang='lat'><strong>(14);</strong></span> <span class='ocrx_word' id='word_1_104' title='bbox 1285 1168 1352 1238; x_wconf 92' lang='lat' dir='ltr'><strong>nisi</strong></span> <span class='ocrx_word' id='word_1_105' title='bbox 1370 1169 1525 1258; x_wconf 87' lang='lat' dir='ltr'><strong>parvitas</strong></span> <span class='ocrx_word' id='word_1_106' title='bbox 1541 1189 1613 1237; x_wconf 90' lang='lat' dir='ltr'><strong>ma-</strong></span> 
     </span>
     <span class='ocr_line' id='line_1_11' title="bbox 275 1275 563 1343; baseline 0.007 -2"><span class='ocrx_word' id='word_1_107' title='bbox 275 1275 385 1342; x_wconf 84' lang='lat' dir='ltr'><strong>terfae</strong></span> <span class='ocrx_word' id='word_1_108' title='bbox 409 1281 563 1343; x_wconf 85' lang='lat' dir='ltr'><strong>excuset.</strong></span> 
     </span>
    </p>

    <p class='ocr_par' dir='ltr' id='par_1_4' title="bbox 275 1381 1615 1790">
     <span class='ocr_line' id='line_1_12' title="bbox 337 1381 1610 1454; baseline 0.001 -5"><span class='ocrx_word' id='word_1_109' title='bbox 337 1382 411 1449; x_wconf 87' lang='lat'><strong>147.</strong></span> <span class='ocrx_word' id='word_1_110' title='bbox 445 1381 574 1450; x_wconf 86' lang='lat' dir='ltr'><strong>Deinde</strong></span> <span class='ocrx_word' id='word_1_111' title='bbox 605 1381 721 1452; x_wconf 88' lang='lat' dir='ltr'><strong>clerici</strong></span> <span class='ocrx_word' id='word_1_112' title='bbox 759 1401 900 1452; x_wconf 90' lang='lat' dir='ltr'><strong>necesse</strong></span> <span class='ocrx_word' id='word_1_113' title='bbox 932 1383 1063 1451; x_wconf 91' lang='lat' dir='ltr'><strong>babent</strong></span> <span class='ocrx_word' id='word_1_114' title='bbox 1093 1381 1239 1450; x_wconf 88' lang='lat' dir='ltr'><strong>recitare</strong></span> <span class='ocrx_word' id='word_1_115' title='bbox 1266 1381 1374 1451; x_wconf 71' lang='lat' dir='ltr'><strong>floras</strong></span> <span class='ocrx_word' id='word_1_116' title='bbox 1405 1383 1610 1454; x_wconf 83' lang='lat' dir='ltr'><strong>canonicas.</strong></span> 
     </span>
     <span class='ocr_line' id='line_1_13' title="bbox 275 1485 1615 1576; baseline 0.002 -21"><span class='ocrx_word' id='word_1_117' title='bbox 275 1485 394 1555; x_wconf 84' lang='lat' dir='ltr'><strong>Oritur</strong></span> <span class='ocrx_word' id='word_1_118' title='bbox 409 1487 494 1556; x_wconf 90' lang='lat' dir='ltr'><strong>haec</strong></span> <span class='ocrx_word' id='word_1_119' title='bbox 509 1487 670 1575; x_wconf 80' lang='lat' dir='ltr'><strong>obligatio</strong></span> <span class='ocrx_word' id='word_1_120' title='bbox 687 1487 742 1556; x_wconf 91' lang='lat' dir='ltr'><strong>vcl</strong></span> <span class='ocrx_word' id='word_1_121' title='bbox 759 1509 802 1556; x_wconf 84' lang='lat' dir='ltr'><strong>ex</strong></span> <span class='ocrx_word' id='word_1_122' title='bbox 819 1487 986 1556; x_wconf 90' lang='lat' dir='ltr'><strong>beneficio</strong></span> <span class='ocrx_word' id='word_1_123' title='bbox 1002 1486 1235 1557; x_wconf 85' lang='lat' dir='ltr'><strong>ecclesiastico</strong></span> <span class='ocrx_word' id='word_1_124' title='bbox 1263 1491 1316 1576; x_wconf 66' lang='grc' dir='ltr'><strong>(ἓὲ</strong></span> <span class='ocrx_word' id='word_1_125' title='bbox 1334 1490 1389 1572; x_wconf 81' lang='grc'><strong>64,</strong></span> <span class='ocrx_word' id='word_1_126' title='bbox 1407 1489 1477 1572; x_wconf 80' lang='grc'>75),</span> <span class='ocrx_word' id='word_1_127' title='bbox 1496 1486 1552 1555; x_wconf 88' lang='lat' dir='ltr'><strong>vel</strong></span> <span class='ocrx_word' id='word_1_128' title='bbox 1569 1507 1615 1558; x_wconf 84' lang='lat' dir='ltr'><strong>ex</strong></span> 
     </span>
     <span class='ocr_line' id='line_1_14' title="bbox 277 1591 1614 1686; baseline 0.001 -24"><span class='ocrx_word' id='word_1_129' title='bbox 277 1591 397 1664; x_wconf 88' lang='lat' dir='ltr'><strong>ordine</strong></span> <span class='ocrx_word' id='word_1_130' title='bbox 421 1613 532 1680; x_wconf 87' lang='lat' dir='ltr'><strong>sacro,</strong></span> <span class='ocrx_word' id='word_1_131' title='bbox 552 1595 608 1663; x_wconf 88' lang='lat' dir='ltr'><strong>vel</strong></span> <span class='ocrx_word' id='word_1_132' title='bbox 624 1615 668 1663; x_wconf 90' lang='lat' dir='ltr'><strong>ex</strong></span> <span class='ocrx_word' id='word_1_133' title='bbox 685 1594 895 1684; x_wconf 80' lang='lat' dir='ltr'><strong>professione</strong></span> <span class='ocrx_word' id='word_1_134' title='bbox 913 1594 1083 1684; x_wconf 78' lang='lat' dir='ltr'><strong>religiosa,</strong></span> <span class='ocrx_word' id='word_1_135' title='bbox 1101 1594 1143 1664; x_wconf 94' lang='lat' dir='ltr'><strong>de</strong></span> <span class='ocrx_word' id='word_1_136' title='bbox 1159 1615 1228 1686; x_wconf 90' lang='lat' dir='ltr'><strong>qua</strong></span> <span class='ocrx_word' id='word_1_137' title='bbox 1244 1601 1374 1684; x_wconf 88' lang='lat' dir='ltr'><strong>postca.</strong></span> <span class='ocrx_word' id='word_1_138' title='bbox 1402 1594 1528 1684; x_wconf 83' lang='lat' dir='ltr'><strong>Incipit</strong></span> <span class='ocrx_word' id='word_1_139' title='bbox 1545 1593 1614 1663; x_wconf 86' lang='lat' dir='ltr'><strong>illic</strong></span> 
     </span>
     <span class='ocr_line' id='line_1_15' title="bbox 276 1700 1615 1790; baseline 0.001 -22"><span class='ocrx_word' id='word_1_140' title='bbox 276 1721 296 1769; x_wconf 90' lang='lat' dir='ltr'><strong>a</strong></span> <span class='ocrx_word' id='word_1_141' title='bbox 320 1702 375 1769; x_wconf 79' lang='lat' dir='ltr'><strong>dte</strong></span> <span class='ocrx_word' id='word_1_142' title='bbox 399 1701 505 1770; x_wconf 90' lang='lat' dir='ltr'><strong>initae</strong></span> <span class='ocrx_word' id='word_1_143' title='bbox 530 1701 753 1790; x_wconf 86' lang='lat' dir='ltr'><strong>possessionis</strong></span> <span class='ocrx_word' id='word_1_144' title='bbox 776 1700 947 1788; x_wconf 73' lang='lat' dir='ltr'><strong>beneficii,</strong></span> <span class='ocrx_word' id='word_1_145' title='bbox 974 1700 1052 1770; x_wconf 88' lang='lat' dir='ltr'><strong>istie</strong></span> <span class='ocrx_word' id='word_1_146' title='bbox 1076 1707 1111 1769; x_wconf 91' lang='lat' dir='ltr'><strong>et</strong></span> <span class='ocrx_word' id='word_1_147' title='bbox 1135 1700 1190 1770; x_wconf 88' lang='lat' dir='ltr'><strong>lric</strong></span> <span class='ocrx_word' id='word_1_148' title='bbox 1213 1701 1257 1770; x_wconf 92' lang='lat' dir='ltr'><strong>ab</strong></span> <span class='ocrx_word' id='word_1_149' title='bbox 1280 1701 1369 1770; x_wconf 84' lang='lat' dir='ltr'><strong>bora</strong></span> <span class='ocrx_word' id='word_1_150' title='bbox 1385 1700 1536 1790; x_wconf 89' lang='lat' dir='ltr'><strong>suscepti</strong></span> <span class='ocrx_word' id='word_1_151' title='bbox 1552 1705 1615 1769; x_wconf 91' lang='lat' dir='ltr'><strong>Or-</strong></span> 
     </span>
    </p>
   </div>
   <div class='ocr_carea' id='block_1_4' title="bbox 276 1807 1616 2538">
    <p class='ocr_par' dir='ltr' id='par_1_5' title="bbox 276 1807 1616 2538">
     <span class='ocr_line' id='line_1_16' title="bbox 276 1807 1613 1898; baseline 0.001 -22"><span class='ocrx_word' id='word_1_152' title='bbox 276 1807 378 1894; x_wconf 89' lang='lat' dir='ltr'><strong>dinis,</strong></span> <span class='ocrx_word' id='word_1_153' title='bbox 404 1807 460 1878; x_wconf 86' lang='lat' dir='ltr'><strong>vel</strong></span> <span class='ocrx_word' id='word_1_154' title='bbox 486 1809 599 1878; x_wconf 89' lang='lat' dir='ltr'><strong>editae</strong></span> <span class='ocrx_word' id='word_1_155' title='bbox 622 1807 863 1898; x_wconf 82' lang='lat' dir='ltr'><strong>professionis:</strong></span> <span class='ocrx_word' id='word_1_156' title='bbox 891 1829 1016 1897; x_wconf 92' lang='lat' dir='ltr'><strong>nempe</strong></span> <span class='ocrx_word' id='word_1_157' title='bbox 1049 1808 1085 1876; x_wconf 95' lang='lat' dir='ltr'><strong>in</strong></span> <span class='ocrx_word' id='word_1_158' title='bbox 1117 1807 1222 1898; x_wconf 90' lang='lat' dir='ltr'><strong>priori</strong></span> <span class='ocrx_word' id='word_1_159' title='bbox 1251 1829 1334 1878; x_wconf 88' lang='lat' dir='ltr'><strong>casu</strong></span> <span class='ocrx_word' id='word_1_160' title='bbox 1357 1829 1402 1878; x_wconf 86' lang='lat' dir='ltr'><strong>ex</strong></span> <span class='ocrx_word' id='word_1_161' title='bbox 1425 1807 1613 1893; x_wconf 91' lang='lat' dir='ltr'><strong>matutino,</strong></span> 
     </span>
     <span class='ocr_line' id='line_1_17' title="bbox 276 1915 1612 2006; baseline 0.002 -24"><span class='ocrx_word' id='word_1_162' title='bbox 276 1915 356 2006; x_wconf 86' lang='lat' dir='ltr'><strong>quia</strong></span> <span class='ocrx_word' id='word_1_163' title='bbox 380 1915 453 1984; x_wconf 92' lang='lat' dir='ltr'><strong>dies</strong></span> <span class='ocrx_word' id='word_1_164' title='bbox 475 1926 624 2003; x_wconf 83' lang='lat' dir='ltr'><strong>coeptus,</strong></span> <span class='ocrx_word' id='word_1_165' title='bbox 641 1917 732 2006; x_wconf 86' lang='lat' dir='ltr'><strong>quod</strong></span> <span class='ocrx_word' id='word_1_166' title='bbox 749 1917 797 1984; x_wconf 86' lang='lat' dir='ltr'><strong>od</strong></span> <span class='ocrx_word' id='word_1_167' title='bbox 814 1918 960 2001; x_wconf 88' lang='lat' dir='ltr'><strong>fructus,</strong></span> <span class='ocrx_word' id='word_1_168' title='bbox 979 1937 1039 2005; x_wconf 93' lang='lat' dir='ltr'><strong>pro</strong></span> <span class='ocrx_word' id='word_1_169' title='bbox 1057 1916 1158 2004; x_wconf 91' lang='lat' dir='ltr'><strong>pleno</strong></span> <span class='ocrx_word' id='word_1_170' title='bbox 1174 1921 1227 1984; x_wconf 89' lang='lat' dir='ltr'><strong>est</strong></span> <span class='ocrx_word' id='word_1_171' title='bbox 1246 1917 1362 2003; x_wconf 88' lang='lat' dir='ltr'><strong>(Prol,</strong></span> <span class='ocrx_word' id='word_1_172' title='bbox 1379 1925 1398 1999; x_wconf 61' lang='grc' dir='ltr'>ᾖ</span> <span class='ocrx_word' id='word_1_173' title='bbox 1413 1918 1468 2000; x_wconf 81' lang='grc'><strong>59,</strong></span> <span class='ocrx_word' id='word_1_174' title='bbox 1483 1937 1519 1984; x_wconf 92' lang='lat' dir='ltr'><strong>n.</strong></span> <span class='ocrx_word' id='word_1_175' title='bbox 1539 1918 1612 2003; x_wconf 78' lang='lat' dir='ltr'><strong>fr),</strong></span> 
     </span>
     <span class='ocr_line' id='line_1_18' title="bbox 276 2019 1615 2113; baseline 0.002 -25"><span class='ocrx_word' id='word_1_176' title='bbox 276 2020 312 2090; x_wconf 93' lang='lat' dir='ltr'><strong>in</strong></span> <span class='ocrx_word' id='word_1_177' title='bbox 337 2022 462 2090; x_wconf 87' lang='lat' dir='ltr'><strong>ceteris</strong></span> <span class='ocrx_word' id='word_1_178' title='bbox 486 2043 530 2090; x_wconf 87' lang='lat' dir='ltr'><strong>ex</strong></span> <span class='ocrx_word' id='word_1_179' title='bbox 556 2043 596 2090; x_wconf 91' lang='lat' dir='ltr'><strong>ea</strong></span> <span class='ocrx_word' id='word_1_180' title='bbox 621 2021 722 2092; x_wconf 82' lang='lat' dir='ltr'><strong>officii</strong></span> <span class='ocrx_word' id='word_1_181' title='bbox 747 2027 856 2112; x_wconf 90' lang='lat' dir='ltr'><strong>parte,</strong></span> <span class='ocrx_word' id='word_1_182' title='bbox 882 2043 971 2113; x_wconf 90' lang='lat' dir='ltr'><strong>quae</strong></span> <span class='ocrx_word' id='word_1_183' title='bbox 994 2021 1099 2092; x_wconf 90' lang='lat' dir='ltr'><strong>borae</strong></span> <span class='ocrx_word' id='word_1_184' title='bbox 1124 2020 1198 2091; x_wconf 92' lang='lat' dir='ltr'><strong>eius</strong></span> <span class='ocrx_word' id='word_1_185' title='bbox 1220 2019 1286 2090; x_wconf 90' lang='lat' dir='ltr'><strong>diei</strong></span> <span class='ocrx_word' id='word_1_186' title='bbox 1318 2023 1403 2109; x_wconf 86' lang='lat' dir='ltr'><strong>(non</strong></span> <span class='ocrx_word' id='word_1_187' title='bbox 1426 2019 1534 2108; x_wconf 88' lang='lat' dir='ltr'><strong>chori)</strong></span> <span class='ocrx_word' id='word_1_188' title='bbox 1562 2043 1615 2091; x_wconf 94' lang='lat' dir='ltr'><strong>re·</strong></span> 
     </span>
     <span class='ocr_line' id='line_1_19' title="bbox 276 2129 1615 2218; baseline 0 -20"><span class='ocrx_word' id='word_1_189' title='bbox 276 2129 422 2218; x_wconf 89' lang='lat' dir='ltr'><strong>spondet</strong></span> <span class='ocrx_word' id='word_1_190' title='bbox 441 2130 523 2217; x_wconf 77' lang='grc'>(15).</span> <span class='ocrx_word' id='word_1_191' title='bbox 550 2133 710 2198; x_wconf 87' lang='lat' dir='ltr'><strong>Ceterum</strong></span> <span class='ocrx_word' id='word_1_192' title='bbox 736 2129 801 2198; x_wconf 90' lang='lat' dir='ltr'><strong>etsi</strong></span> <span class='ocrx_word' id='word_1_193' title='bbox 826 2129 976 2199; x_wconf 88' lang='lat' dir='ltr'><strong>officium</strong></span> <span class='ocrx_word' id='word_1_194' title='bbox 1004 2135 1141 2198; x_wconf 85' lang='lat' dir='ltr'><strong>constet</strong></span> <span class='ocrx_word' id='word_1_195' title='bbox 1164 2129 1318 2218; x_wconf 93' lang='lat' dir='ltr'><strong>pluribus</strong></span> <span class='ocrx_word' id='word_1_196' title='bbox 1342 2129 1447 2214; x_wconf 79' lang='lat' dir='ltr'><strong>horIs,</strong></span> <span class='ocrx_word' id='word_1_197' title='bbox 1466 2149 1547 2197; x_wconf 90' lang='lat' dir='ltr'><strong>cum</strong></span> <span class='ocrx_word' id='word_1_198' title='bbox 1570 2151 1615 2198; x_wconf 84' lang='lat' dir='ltr'><strong>ex</strong></span> 
     </span>
     <span class='ocr_line' id='line_1_20' title="bbox 276 2234 1614 2326; baseline 0 -22"><span class='ocrx_word' id='word_1_199' title='bbox 276 2234 437 2304; x_wconf 89' lang='lat' dir='ltr'><strong>omnibus</strong></span> <span class='ocrx_word' id='word_1_200' title='bbox 460 2255 570 2303; x_wconf 94' lang='lat' dir='ltr'><strong>unum</strong></span> <span class='ocrx_word' id='word_1_201' title='bbox 595 2234 661 2304; x_wconf 89' lang='lat' dir='ltr'><strong>diei</strong></span> <span class='ocrx_word' id='word_1_202' title='bbox 687 2256 833 2324; x_wconf 90' lang='lat' dir='ltr'><strong>pensum</strong></span> <span class='ocrx_word' id='word_1_203' title='bbox 858 2237 1049 2320; x_wconf 83' lang='lat' dir='ltr'><strong>coalescat,</strong></span> <span class='ocrx_word' id='word_1_204' title='bbox 1086 2235 1145 2326; x_wconf 92' lang='lat' dir='ltr'><strong>qni</strong></span> <span class='ocrx_word' id='word_1_205' title='bbox 1181 2255 1303 2305; x_wconf 90' lang='lat' dir='ltr'><strong>omnes</strong></span> <span class='ocrx_word' id='word_1_206' title='bbox 1336 2235 1468 2304; x_wconf 90' lang='lat' dir='ltr'><strong>omittit</strong></span> <span class='ocrx_word' id='word_1_207' title='bbox 1503 2255 1614 2304; x_wconf 95' lang='lat' dir='ltr'><strong>unum</strong></span> 
     </span>
     <span class='ocr_line' id='line_1_21' title="bbox 276 2342 1615 2430; baseline -0.001 -19"><span class='ocrx_word' id='word_1_208' title='bbox 276 2342 461 2412; x_wconf 84' lang='lat' dir='ltr'><strong>dumtaxat</strong></span> <span class='ocrx_word' id='word_1_209' title='bbox 485 2349 667 2430; x_wconf 90' lang='lat' dir='ltr'><strong>peccatum</strong></span> <span class='ocrx_word' id='word_1_210' title='bbox 691 2342 845 2412; x_wconf 86' lang='lat' dir='ltr'><strong>admittit</strong></span> <span class='ocrx_word' id='word_1_211' title='bbox 862 2344 944 2430; x_wconf 86' lang='grc'>(16);</span> <span class='ocrx_word' id='word_1_212' title='bbox 971 2349 1006 2412; x_wconf 92' lang='lat' dir='ltr'><strong>et</strong></span> <span class='ocrx_word' id='word_1_213' title='bbox 1030 2343 1111 2412; x_wconf 85' lang='lat' dir='ltr'><strong>lieet</strong></span> <span class='ocrx_word' id='word_1_214' title='bbox 1135 2363 1175 2412; x_wconf 93' lang='lat' dir='ltr'><strong>eo</strong></span> <span class='ocrx_word' id='word_1_215' title='bbox 1199 2348 1361 2412; x_wconf 89' lang='lat' dir='ltr'><strong>teneatur</strong></span> <span class='ocrx_word' id='word_1_216' title='bbox 1385 2349 1459 2410; x_wconf 90' lang='lat' dir='ltr'><strong>tum</strong></span> <span class='ocrx_word' id='word_1_217' title='bbox 1485 2363 1530 2410; x_wconf 84' lang='lat' dir='ltr'><strong>ex</strong></span> <span class='ocrx_word' id='word_1_218' title='bbox 1552 2346 1615 2410; x_wconf 90' lang='lat' dir='ltr'><strong>Or-</strong></span> 
     </span>
     <span class='ocr_line' id='line_1_22' title="bbox 276 2447 1616 2538; baseline 0.002 -22"><span class='ocrx_word' id='word_1_219' title='bbox 276 2447 355 2516; x_wconf 91' lang='lat' dir='ltr'><strong>dine</strong></span> <span class='ocrx_word' id='word_1_220' title='bbox 381 2449 450 2535; x_wconf 78' lang='lat' dir='ltr'><strong>(rel</strong></span> <span class='ocrx_word' id='word_1_221' title='bbox 474 2447 685 2537; x_wconf 80' lang='lat' dir='ltr'><strong>professione</strong></span> <span class='ocrx_word' id='word_1_222' title='bbox 711 2448 894 2538; x_wconf 80' lang='lat' dir='ltr'><strong>religiosa),</strong></span> <span class='ocrx_word' id='word_1_223' title='bbox 921 2455 996 2520; x_wconf 91' lang='lat' dir='ltr'><strong>tum</strong></span> <span class='ocrx_word' id='word_1_224' title='bbox 1020 2471 1064 2519; x_wconf 85' lang='lat' dir='ltr'><strong>ex</strong></span> <span class='ocrx_word' id='word_1_225' title='bbox 1087 2449 1269 2536; x_wconf 82' lang='lat' dir='ltr'><strong>beneficia,</strong></span> <span class='ocrx_word' id='word_1_226' title='bbox 1294 2450 1424 2536; x_wconf 79' lang='lat' dir='ltr'><strong>verius,</strong></span> <span class='ocrx_word' id='word_1_227' title='bbox 1451 2471 1521 2520; x_wconf 92' lang='lat' dir='ltr'><strong>non</strong></span> <span class='ocrx_word' id='word_1_228' title='bbox 1538 2449 1616 2519; x_wconf 90' lang='lat' dir='ltr'><strong>ideo</strong></span> 
     </span>
    </p>
   </div>
   <div class='ocr_carea' id='block_1_5' title="bbox 274 2717 1618 4646">
    <p class='ocr_par' dir='ltr' id='par_1_6' title="bbox 275 2717 1616 3044">
     <span class='ocr_line' id='line_1_23' title="bbox 335 2717 1614 2800; baseline 0.002 -18"><span class='ocrx_word' id='word_1_229' title='bbox 335 2720 915 2800; x_wconf 50' lang='lat' dir='ltr'><strong>(misrrumumsenesanna„</strong></span> <span class='ocrx_word' id='word_1_230' title='bbox 1030 2717 1096 2799; x_wconf 82' lang='lat'><strong>(12)</strong></span> <span class='ocrx_word' id='word_1_231' title='bbox 1125 2722 1158 2780; x_wconf 86' lang='lat' dir='ltr'><strong>O.</strong></span> <span class='ocrx_word' id='word_1_232' title='bbox 1185 2719 1240 2792; x_wconf 83' lang='lat'><strong>15,</strong></span> <span class='ocrx_word' id='word_1_233' title='bbox 1271 2721 1317 2780; x_wconf 81' lang='lat' dir='ltr'><strong>De</strong></span> <span class='ocrx_word' id='word_1_234' title='bbox 1343 2720 1406 2779; x_wconf 80' lang='lat' dir='ltr'><strong>Vir.</strong></span> <span class='ocrx_word' id='word_1_235' title='bbox 1431 2732 1462 2780; x_wconf 87' lang='lat' dir='ltr'><strong>et</strong></span> <span class='ocrx_word' id='word_1_236' title='bbox 1488 2723 1614 2784; x_wconf 78' lang='lat' dir='ltr'><strong>horreat.</strong></span> 
     </span>
     <span class='ocr_line' id='line_1_24' title="bbox 275 2801 1094 2877; baseline -0.004 -15"><span class='ocrx_word' id='word_1_237' title='bbox 275 2803 402 2876; x_wconf 85' lang='lat' dir='ltr'><strong>Laym.,</strong></span> <span class='ocrx_word' id='word_1_238' title='bbox 420 2803 532 2874; x_wconf 82' lang='lat' dir='ltr'><strong>Salm,</strong></span> <span class='ocrx_word' id='word_1_239' title='bbox 548 2802 657 2877; x_wconf 89' lang='lat' dir='ltr'><strong>Vasq.,</strong></span> <span class='ocrx_word' id='word_1_240' title='bbox 675 2802 759 2873; x_wconf 81' lang='lat' dir='ltr'><strong>Pal,</strong></span> <span class='ocrx_word' id='word_1_241' title='bbox 774 2809 834 2862; x_wconf 89' lang='lat' dir='ltr'><strong>etc.</strong></span> <span class='ocrx_word' id='word_1_242' title='bbox 851 2801 919 2861; x_wconf 85' lang='lat' dir='ltr'><strong>Neo</strong></span> <span class='ocrx_word' id='word_1_243' title='bbox 977 2801 1094 2860; x_wconf 78' lang='lat' dir='ltr'><strong>Uter-ic.</strong></span> 
     </span>
     <span class='ocr_line' id='line_1_25' title="bbox 275 2880 1613 2963; baseline 0 -21"><span class='ocrx_word' id='word_1_244' title='bbox 275 2881 677 2956; x_wconf 83' lang='lat' dir='ltr'><strong>audiendisuntquicontra</strong></span> <span class='ocrx_word' id='word_1_245' title='bbox 691 2883 917 2963; x_wconf 77' lang='lat' dir='ltr'><strong>putant(S.Al-</strong></span> <span class='ocrx_word' id='word_1_246' title='bbox 1029 2880 1094 2961; x_wconf 89' lang='grc'>(13)</span> <span class='ocrx_word' id='word_1_247' title='bbox 1117 2883 1154 2940; x_wconf 89' lang='lat' dir='ltr'><strong>V.</strong></span> <span class='ocrx_word' id='word_1_248' title='bbox 1172 2881 1279 2954; x_wconf 82' lang='lat' dir='ltr'><strong>Oroix,</strong></span> <span class='ocrx_word' id='word_1_249' title='bbox 1296 2881 1351 2952; x_wconf 92' lang='lat' dir='ltr'><strong>IV,</strong></span> <span class='ocrx_word' id='word_1_250' title='bbox 1370 2881 1458 2941; x_wconf 80' lang='lat'><strong>1372.</strong></span> <span class='ocrx_word' id='word_1_251' title='bbox 1484 2883 1613 2942; x_wconf 88' lang='lat' dir='ltr'><strong>Senten-</strong></span> 
     </span>
     <span class='ocr_line' id='line_1_26' title="bbox 276 2961 1616 3044; baseline 0.001 -25"><span class='ocrx_word' id='word_1_252' title='bbox 276 2963 381 3044; x_wconf 90' lang='lat' dir='ltr'><strong>phon.,</strong></span> <span class='ocrx_word' id='word_1_253' title='bbox 405 2963 460 3030; x_wconf 92' lang='lat' dir='ltr'><strong>VI,</strong></span> <span class='ocrx_word' id='word_1_254' title='bbox 485 2963 561 3034; x_wconf 83' lang='lat'><strong>825;</strong></span> <span class='ocrx_word' id='word_1_255' title='bbox 585 2963 624 3019; x_wconf 90' lang='lat' dir='ltr'><strong>V.</strong></span> <span class='ocrx_word' id='word_1_256' title='bbox 650 2963 704 3021; x_wconf 82' lang='lat' dir='ltr'><strong>eft.</strong></span> <span class='ocrx_word' id='word_1_257' title='bbox 730 2963 849 3034; x_wconf 80' lang='lat' dir='ltr'><strong>Clem,</strong></span> <span class='ocrx_word' id='word_1_258' title='bbox 872 2964 915 3043; x_wconf 84' lang='lat'><strong>2).</strong></span> <span class='ocrx_word' id='word_1_259' title='bbox 971 2963 1018 3020; x_wconf 88' lang='lat' dir='ltr'><strong>tia</strong></span> <span class='ocrx_word' id='word_1_260' title='bbox 1047 2962 1266 3020; x_wconf 86' lang='lat' dir='ltr'><strong>affirmantium</strong></span> <span class='ocrx_word' id='word_1_261' title='bbox 1295 2969 1343 3022; x_wconf 89' lang='lat' dir='ltr'><strong>est</strong></span> <span class='ocrx_word' id='word_1_262' title='bbox 1370 2961 1452 3022; x_wconf 88' lang='lat' dir='ltr'><strong>forte</strong></span> <span class='ocrx_word' id='word_1_263' title='bbox 1481 2981 1616 3022; x_wconf 87' lang='lat' dir='ltr'><strong>commu-</strong></span> 
     </span>
    </p>

    <p class='ocr_par' dir='ltr' id='par_1_7' title="bbox 275 3039 1616 3199">
     <span class='ocr_line' id='line_1_27' title="bbox 335 3039 1616 3122; baseline 0.002 -23"><span class='ocrx_word' id='word_1_264' title='bbox 335 3039 381 3122; x_wconf 87' lang='grc'><strong>(7)</strong></span> <span class='ocrx_word' id='word_1_265' title='bbox 403 3043 435 3101; x_wconf 91' lang='lat' dir='ltr'><strong>S.</strong></span> <span class='ocrx_word' id='word_1_266' title='bbox 461 3043 569 3118; x_wconf 84' lang='lat' dir='ltr'><strong>Alplr.,</strong></span> <span class='ocrx_word' id='word_1_267' title='bbox 594 3041 615 3098; x_wconf 90' lang='lat' dir='ltr'><strong>l.</strong></span> <span class='ocrx_word' id='word_1_268' title='bbox 630 3060 657 3101; x_wconf 92' lang='lat' dir='ltr'><strong>c.</strong></span> <span class='ocrx_word' id='word_1_269' title='bbox 681 3041 765 3100; x_wconf 90' lang='lat' dir='ltr'><strong>Idest</strong></span> <span class='ocrx_word' id='word_1_270' title='bbox 779 3044 815 3100; x_wconf 89' lang='lat' dir='ltr'><strong>ad</strong></span> <span class='ocrx_word' id='word_1_271' title='bbox 832 3044 919 3118; x_wconf 91' lang='lat' dir='ltr'><strong>quin·</strong></span> <span class='ocrx_word' id='word_1_272' title='bbox 970 3041 1051 3112; x_wconf 79' lang='lat' dir='ltr'><strong>nior3</strong></span> <span class='ocrx_word' id='word_1_273' title='bbox 1074 3047 1108 3100; x_wconf 88' lang='lat' dir='ltr'><strong>at</strong></span> <span class='ocrx_word' id='word_1_274' title='bbox 1129 3041 1241 3101; x_wconf 86' lang='lat' dir='ltr'><strong>Nostri</strong></span> <span class='ocrx_word' id='word_1_275' title='bbox 1263 3043 1332 3101; x_wconf 88' lang='lat' dir='ltr'><strong>heic</strong></span> <span class='ocrx_word' id='word_1_276' title='bbox 1354 3041 1448 3100; x_wconf 88' lang='lat' dir='ltr'><strong>facile</strong></span> <span class='ocrx_word' id='word_1_277' title='bbox 1470 3059 1616 3102; x_wconf 88' lang='lat' dir='ltr'><strong>eoronam</strong></span> 
     </span>
     <span class='ocr_line' id='line_1_28' title="bbox 275 3121 1410 3199; baseline 0 -21"><span class='ocrx_word' id='word_1_278' title='bbox 275 3139 344 3196; x_wconf 90' lang='lat' dir='ltr'><strong>que,</strong></span> <span class='ocrx_word' id='word_1_279' title='bbox 369 3139 464 3180; x_wconf 81' lang='lat' dir='ltr'><strong>serve</strong></span> <span class='ocrx_word' id='word_1_280' title='bbox 485 3124 551 3181; x_wconf 76' lang='lat' dir='ltr'><strong>(lies</strong></span> <span class='ocrx_word' id='word_1_281' title='bbox 573 3123 694 3196; x_wconf 82' lang='lat' dir='ltr'><strong>(Groix,</strong></span> <span class='ocrx_word' id='word_1_282' title='bbox 720 3121 744 3192; x_wconf 95' lang='lat'><strong>1,</strong></span> <span class='ocrx_word' id='word_1_283' title='bbox 767 3121 851 3199; x_wconf 78' lang='grc'>672).</span> <span class='ocrx_word' id='word_1_284' title='bbox 971 3140 1037 3179; x_wconf 88' lang='lat' dir='ltr'><strong>cum</strong></span> <span class='ocrx_word' id='word_1_285' title='bbox 1060 3125 1188 3180; x_wconf 86' lang='lat' dir='ltr'><strong>tonsura</strong></span> <span class='ocrx_word' id='word_1_286' title='bbox 1210 3124 1410 3196; x_wconf 86' lang='lat' dir='ltr'><strong>permiscent.</strong></span> 
     </span>
    </p>

    <p class='ocr_par' dir='ltr' id='par_1_8' title="bbox 274 3199 1618 3841">
     <span class='ocr_line' id='line_1_29' title="bbox 334 3199 1613 3280; baseline 0 -20"><span class='ocrx_word' id='word_1_287' title='bbox 334 3199 381 3280; x_wconf 90' lang='grc'><strong>(8)</strong></span> <span class='ocrx_word' id='word_1_288' title='bbox 403 3203 496 3278; x_wconf 80' lang='lat' dir='ltr'><strong>Xyst.</strong></span> <span class='ocrx_word' id='word_1_289' title='bbox 522 3203 559 3275; x_wconf 89' lang='lat' dir='ltr'><strong>V,</strong></span> <span class='ocrx_word' id='word_1_290' title='bbox 579 3203 600 3260; x_wconf 89' lang='lat' dir='ltr'><strong>I.</strong></span> <span class='ocrx_word' id='word_1_291' title='bbox 618 3221 645 3262; x_wconf 86' lang='lat' dir='ltr'><strong>c.</strong></span> <span class='ocrx_word' id='word_1_292' title='bbox 670 3205 754 3268; x_wconf 85' lang='lat' dir='ltr'><strong>Quae</strong></span> <span class='ocrx_word' id='word_1_293' title='bbox 768 3203 917 3260; x_wconf 89' lang='lat' dir='ltr'><strong>nimirum</strong></span> <span class='ocrx_word' id='word_1_294' title='bbox 1030 3201 1096 3280; x_wconf 88' lang='lat'><strong>(14)</strong></span> <span class='ocrx_word' id='word_1_295' title='bbox 1111 3203 1142 3262; x_wconf 92' lang='lat' dir='ltr'><strong>S.</strong></span> <span class='ocrx_word' id='word_1_296' title='bbox 1162 3201 1271 3276; x_wconf 85' lang='lat' dir='ltr'><strong>Alplr.,</strong></span> <span class='ocrx_word' id='word_1_297' title='bbox 1283 3201 1339 3272; x_wconf 90' lang='lat' dir='ltr'><strong>VI,</strong></span> <span class='ocrx_word' id='word_1_298' title='bbox 1355 3202 1427 3274; x_wconf 73' lang='lat'><strong>8263</strong></span> <span class='ocrx_word' id='word_1_299' title='bbox 1443 3201 1482 3260; x_wconf 93' lang='lat' dir='ltr'><strong>V.</strong></span> <span class='ocrx_word' id='word_1_300' title='bbox 1500 3201 1613 3273; x_wconf 67' lang='lat' dir='ltr'><strong>Clem„</strong></span> 
     </span>
     <span class='ocr_line' id='line_1_30' title="bbox 275 3279 1616 3356; baseline 0 -14"><span class='ocrx_word' id='word_1_301' title='bbox 275 3283 411 3342; x_wconf 84' lang='lat' dir='ltr'><strong>defluant</strong></span> <span class='ocrx_word' id='word_1_302' title='bbox 433 3285 470 3341; x_wconf 90' lang='lat' dir='ltr'><strong>ad</strong></span> <span class='ocrx_word' id='word_1_303' title='bbox 493 3283 575 3342; x_wconf 85' lang='lat' dir='ltr'><strong>talos</strong></span> <span class='ocrx_word' id='word_1_304' title='bbox 597 3301 704 3356; x_wconf 88' lang='lat' dir='ltr'><strong>usque,</strong></span> <span class='ocrx_word' id='word_1_305' title='bbox 729 3281 781 3340; x_wconf 88' lang='lat' dir='ltr'><strong>vel</strong></span> <span class='ocrx_word' id='word_1_306' title='bbox 803 3284 916 3341; x_wconf 86' lang='lat' dir='ltr'><strong>saltem</strong></span> <span class='ocrx_word' id='word_1_307' title='bbox 970 3279 1001 3352; x_wconf 81' lang='lat'><strong>2,</strong></span> <span class='ocrx_word' id='word_1_308' title='bbox 1025 3291 1057 3340; x_wconf 87' lang='lat' dir='ltr'><strong>et</strong></span> <span class='ocrx_word' id='word_1_309' title='bbox 1079 3282 1180 3350; x_wconf 84' lang='lat' dir='ltr'><strong>&#39;Irid.,</strong></span> <span class='ocrx_word' id='word_1_310' title='bbox 1199 3281 1234 3338; x_wconf 89' lang='lat' dir='ltr'><strong>ll.</strong></span> <span class='ocrx_word' id='word_1_311' title='bbox 1252 3283 1386 3351; x_wconf 79' lang='lat' dir='ltr'><strong>cc.;GC.</strong></span> <span class='ocrx_word' id='word_1_312' title='bbox 1404 3282 1479 3354; x_wconf 89' lang='lat'><strong>4‚5,</strong></span> <span class='ocrx_word' id='word_1_313' title='bbox 1500 3283 1547 3352; x_wconf 88' lang='grc'><strong>15,</strong></span> <span class='ocrx_word' id='word_1_314' title='bbox 1568 3282 1616 3342; x_wconf 86' lang='lat' dir='ltr'><strong>De</strong></span> 
     </span>
     <span class='ocr_line' id='line_1_31' title="bbox 275 3363 1367 3439; baseline -0.004 -17"><span class='ocrx_word' id='word_1_315' title='bbox 275 3365 312 3422; x_wconf 89' lang='lat' dir='ltr'><strong>ad</strong></span> <span class='ocrx_word' id='word_1_316' title='bbox 335 3381 427 3439; x_wconf 77' lang='lat' dir='ltr'><strong>genu,</strong></span> <span class='ocrx_word' id='word_1_317' title='bbox 451 3363 528 3437; x_wconf 92' lang='lat' dir='ltr'><strong>quod</strong></span> <span class='ocrx_word' id='word_1_318' title='bbox 550 3363 703 3439; x_wconf 90' lang='lat' dir='ltr'><strong>epicheia,</strong></span> <span class='ocrx_word' id='word_1_319' title='bbox 732 3367 764 3420; x_wconf 90' lang='lat' dir='ltr'><strong>et</strong></span> <span class='ocrx_word' id='word_1_320' title='bbox 795 3379 918 3420; x_wconf 87' lang='lat' dir='ltr'><strong>consue·</strong></span> <span class='ocrx_word' id='word_1_321' title='bbox 976 3363 1038 3420; x_wconf 78' lang='lat' dir='ltr'><strong>l&#39;tt.</strong></span> <span class='ocrx_word' id='word_1_322' title='bbox 1057 3371 1088 3420; x_wconf 88' lang='lat' dir='ltr'><strong>et</strong></span> <span class='ocrx_word' id='word_1_323' title='bbox 1107 3363 1231 3420; x_wconf 78' lang='lat' dir='ltr'><strong>honest.</strong></span> <span class='ocrx_word' id='word_1_324' title='bbox 1251 3363 1367 3420; x_wconf 81' lang='lat' dir='ltr'><strong>Clerte.</strong></span> 
     </span>
     <span class='ocr_line' id='line_1_32' title="bbox 274 3441 1613 3522; baseline 0 -20"><span class='ocrx_word' id='word_1_325' title='bbox 274 3443 382 3503; x_wconf 87' lang='lat' dir='ltr'><strong>tudine</strong></span> <span class='ocrx_word' id='word_1_326' title='bbox 404 3443 435 3500; x_wconf 89' lang='lat' dir='ltr'><strong>in</strong></span> <span class='ocrx_word' id='word_1_327' title='bbox 456 3441 576 3518; x_wconf 89' lang='lat' dir='ltr'><strong>oppidis</strong></span> <span class='ocrx_word' id='word_1_328' title='bbox 599 3449 630 3500; x_wconf 88' lang='lat' dir='ltr'><strong>et</strong></span> <span class='ocrx_word' id='word_1_329' title='bbox 653 3441 744 3519; x_wconf 82' lang='lat' dir='ltr'><strong>pagis</strong></span> <span class='ocrx_word' id='word_1_330' title='bbox 758 3445 918 3518; x_wconf 89' lang='lat' dir='ltr'><strong>receptum</strong></span> <span class='ocrx_word' id='word_1_331' title='bbox 1028 3441 1094 3522; x_wconf 86' lang='grc'>(15)</span> <span class='ocrx_word' id='word_1_332' title='bbox 1117 3443 1226 3513; x_wconf 66' lang='lat' dir='ltr'><strong>Suae,</strong></span> <span class='ocrx_word' id='word_1_333' title='bbox 1258 3443 1304 3502; x_wconf 87' lang='lat' dir='ltr'><strong>De</strong></span> <span class='ocrx_word' id='word_1_334' title='bbox 1329 3443 1449 3514; x_wconf 67' lang='lat' dir='ltr'><strong>Retio„</strong></span> <span class='ocrx_word' id='word_1_335' title='bbox 1482 3445 1537 3502; x_wconf 87' lang='grc' dir='ltr'><strong>Το.</strong></span> <span class='ocrx_word' id='word_1_336' title='bbox 1561 3441 1613 3514; x_wconf 93' lang='lat' dir='ltr'><strong>Il,</strong></span> 
     </span>
     <span class='ocr_line' id='line_1_33' title="bbox 275 3521 1613 3600; baseline -0.001 -18"><span class='ocrx_word' id='word_1_337' title='bbox 275 3529 323 3582; x_wconf 87' lang='lat' dir='ltr'><strong>est</strong></span> <span class='ocrx_word' id='word_1_338' title='bbox 344 3521 515 3599; x_wconf 73' lang='lat' dir='ltr'><strong>(Delusa,</strong></span> <span class='ocrx_word' id='word_1_339' title='bbox 538 3522 590 3579; x_wconf 84' lang='lat' dir='ltr'><strong>Ad</strong></span> <span class='ocrx_word' id='word_1_340' title='bbox 613 3521 719 3588; x_wconf 70' lang='lat' dir='ltr'><strong>Tria„</strong></span> <span class='ocrx_word' id='word_1_341' title='bbox 740 3523 823 3581; x_wconf 90' lang='lat' dir='ltr'><strong>Disc.</strong></span> <span class='ocrx_word' id='word_1_342' title='bbox 847 3521 916 3600; x_wconf 71' lang='lat'><strong>24),</strong></span> <span class='ocrx_word' id='word_1_343' title='bbox 970 3522 1040 3582; x_wconf 89' lang='lat' dir='ltr'><strong>Lib.</strong></span> <span class='ocrx_word' id='word_1_344' title='bbox 1066 3527 1095 3592; x_wconf 93' lang='lat'><strong>4,</strong></span> <span class='ocrx_word' id='word_1_345' title='bbox 1119 3523 1194 3598; x_wconf 82' lang='lat' dir='ltr'><strong>Gap.</strong></span> <span class='ocrx_word' id='word_1_346' title='bbox 1212 3525 1263 3594; x_wconf 81' lang='lat'><strong>27,</strong></span> <span class='ocrx_word' id='word_1_347' title='bbox 1281 3526 1311 3596; x_wconf 78' lang='lat'><strong>83</strong></span> <span class='ocrx_word' id='word_1_348' title='bbox 1328 3525 1454 3599; x_wconf 75' lang='lat' dir='ltr'><strong>haym,</strong></span> <span class='ocrx_word' id='word_1_349' title='bbox 1471 3523 1517 3582; x_wconf 89' lang='lat' dir='ltr'><strong>De</strong></span> <span class='ocrx_word' id='word_1_350' title='bbox 1531 3523 1613 3582; x_wconf 84' lang='lat' dir='ltr'><strong>Hor.</strong></span> 
     </span>
     <span class='ocr_line' id='line_1_34' title="bbox 275 3601 1616 3678; baseline 0.001 -18"><span class='ocrx_word' id='word_1_351' title='bbox 275 3607 308 3662; x_wconf 88' lang='lat' dir='ltr'><strong>et</strong></span> <span class='ocrx_word' id='word_1_352' title='bbox 329 3605 360 3661; x_wconf 93' lang='lat' dir='ltr'><strong>in</strong></span> <span class='ocrx_word' id='word_1_353' title='bbox 376 3603 453 3677; x_wconf 80' lang='lat' dir='ltr'><strong>Ipsis</strong></span> <span class='ocrx_word' id='word_1_354' title='bbox 467 3619 587 3678; x_wconf 86' lang='lat' dir='ltr'><strong>quoque</strong></span> <span class='ocrx_word' id='word_1_355' title='bbox 607 3601 803 3673; x_wconf 87' lang='lat' dir='ltr'><strong>civitatibus,</strong></span> <span class='ocrx_word' id='word_1_356' title='bbox 826 3608 918 3664; x_wconf 83' lang='lat' dir='ltr'><strong>extra</strong></span> <span class='ocrx_word' id='word_1_357' title='bbox 972 3603 1113 3673; x_wconf 70' lang='lat' dir='ltr'><strong>Canna„</strong></span> <span class='ocrx_word' id='word_1_358' title='bbox 1129 3603 1184 3676; x_wconf 91' lang='lat' dir='ltr'><strong>Vl,</strong></span> <span class='ocrx_word' id='word_1_359' title='bbox 1200 3607 1229 3665; x_wconf 85' lang='lat'><strong>4.</strong></span> <span class='ocrx_word' id='word_1_360' title='bbox 1246 3635 1264 3650; x_wconf 94' lang='lat'>-</span> <span class='ocrx_word' id='word_1_361' title='bbox 1280 3607 1356 3663; x_wconf 80' lang='lat' dir='ltr'><strong>Noa</strong></span> <span class='ocrx_word' id='word_1_362' title='bbox 1368 3605 1470 3672; x_wconf 62' lang='lat' dir='ltr'><strong>ebora}</strong></span> <span class='ocrx_word' id='word_1_363' title='bbox 1486 3603 1554 3661; x_wconf 89' lang='lat' dir='ltr'><strong>ideo</strong></span> <span class='ocrx_word' id='word_1_364' title='bbox 1566 3622 1616 3662; x_wconf 91' lang='lat' dir='ltr'><strong>or-</strong></span> 
     </span>
     <span class='ocr_line' id='line_1_35' title="bbox 275 3681 1618 3760; baseline -0.001 -18"><span class='ocrx_word' id='word_1_365' title='bbox 275 3683 393 3742; x_wconf 88' lang='lat' dir='ltr'><strong>Missae</strong></span> <span class='ocrx_word' id='word_1_366' title='bbox 433 3681 674 3740; x_wconf 86' lang='lat' dir='ltr'><strong>celebrationem</strong></span> <span class='ocrx_word' id='word_1_367' title='bbox 722 3684 919 3759; x_wconf 88' lang='lat' dir='ltr'><strong>permittitur</strong></span> <span class='ocrx_word' id='word_1_368' title='bbox 970 3686 1105 3754; x_wconf 86' lang='lat' dir='ltr'><strong>dinatus,</strong></span> <span class='ocrx_word' id='word_1_369' title='bbox 1130 3704 1159 3742; x_wconf 87' lang='lat' dir='ltr'><strong>r.</strong></span> <span class='ocrx_word' id='word_1_370' title='bbox 1185 3703 1225 3756; x_wconf 91' lang='lat' dir='ltr'><strong>c.‚</strong></span> <span class='ocrx_word' id='word_1_371' title='bbox 1249 3684 1391 3755; x_wconf 89' lang='lat' dir='ltr'><strong>meridie,</strong></span> <span class='ocrx_word' id='word_1_372' title='bbox 1415 3685 1618 3760; x_wconf 88' lang='lat' dir='ltr'><strong>inciperede·</strong></span> 
     </span>
     <span class='ocr_line' id='line_1_36' title="bbox 275 3760 1617 3841; baseline 0 -19"><span class='ocrx_word' id='word_1_373' title='bbox 275 3763 364 3841; x_wconf 87' lang='lat' dir='ltr'><strong>(Beu.</strong></span> <span class='ocrx_word' id='word_1_374' title='bbox 381 3760 467 3831; x_wconf 88' lang='lat' dir='ltr'><strong>XIV,</strong></span> <span class='ocrx_word' id='word_1_375' title='bbox 493 3762 566 3822; x_wconf 78' lang='lat' dir='ltr'><strong>Not.</strong></span> <span class='ocrx_word' id='word_1_376' title='bbox 590 3763 640 3832; x_wconf 82' lang='lat'><strong>71,</strong></span> <span class='ocrx_word' id='word_1_377' title='bbox 665 3760 707 3838; x_wconf 88' lang='grc'><strong>9).</strong></span> <span class='ocrx_word' id='word_1_378' title='bbox 971 3767 1023 3823; x_wconf 89' lang='lat' dir='ltr'><strong>bet</strong></span> <span class='ocrx_word' id='word_1_379' title='bbox 1044 3783 1063 3822; x_wconf 88' lang='lat' dir='ltr'><strong>a</strong></span> <span class='ocrx_word' id='word_1_380' title='bbox 1077 3774 1186 3833; x_wconf 64' lang='lat' dir='ltr'><strong>secata·</strong></span> <span class='ocrx_word' id='word_1_381' title='bbox 1208 3783 1263 3823; x_wconf 88' lang='lat' dir='ltr'><strong>nec</strong></span> <span class='ocrx_word' id='word_1_382' title='bbox 1279 3783 1297 3821; x_wconf 89' lang='lat' dir='ltr'><strong>a</strong></span> <span class='ocrx_word' id='word_1_383' title='bbox 1312 3763 1460 3840; x_wconf 86' lang='lat' dir='ltr'><strong>Vesperis</strong></span> <span class='ocrx_word' id='word_1_384' title='bbox 1476 3763 1617 3837; x_wconf 85' lang='lat' dir='ltr'><strong>incipere</strong></span> 
     </span>
    </p>

    <p class='ocr_par' dir='ltr' id='par_1_9' title="bbox 274 3841 1617 4082">
     <span class='ocr_line' id='line_1_37' title="bbox 335 3841 1617 3925; baseline 0 -23"><span class='ocrx_word' id='word_1_385' title='bbox 335 3841 380 3919; x_wconf 85' lang='lat'><strong>(9)</strong></span> <span class='ocrx_word' id='word_1_386' title='bbox 401 3842 502 3914; x_wconf 82' lang='lat' dir='ltr'><strong>Trid,</strong></span> <span class='ocrx_word' id='word_1_387' title='bbox 527 3842 611 3914; x_wconf 85' lang='lat' dir='ltr'><strong>XIV,</strong></span> <span class='ocrx_word' id='word_1_388' title='bbox 635 3845 722 3916; x_wconf 71' lang='lat' dir='ltr'><strong>Res„</strong></span> <span class='ocrx_word' id='word_1_389' title='bbox 744 3843 775 3914; x_wconf 77' lang='lat'><strong>63</strong></span> <span class='ocrx_word' id='word_1_390' title='bbox 799 3843 915 3915; x_wconf 88' lang='lat' dir='ltr'><strong>XXIV,</strong></span> <span class='ocrx_word' id='word_1_391' title='bbox 971 3850 1072 3921; x_wconf 86' lang='lat' dir='ltr'><strong>potest</strong></span> <span class='ocrx_word' id='word_1_392' title='bbox 1102 3845 1150 3925; x_wconf 88' lang='lat' dir='ltr'><strong>(S.</strong></span> <span class='ocrx_word' id='word_1_393' title='bbox 1168 3845 1277 3921; x_wconf 81' lang='lat' dir='ltr'><strong>Alpb,</strong></span> <span class='ocrx_word' id='word_1_394' title='bbox 1300 3841 1457 3922; x_wconf 85' lang='lat' dir='ltr'><strong>1V,14[l).</strong></span> <span class='ocrx_word' id='word_1_395' title='bbox 1492 3843 1617 3902; x_wconf 86' lang='lat' dir='ltr'><strong>Nihilo-</strong></span> 
     </span>
     <span class='ocr_line' id='line_1_38' title="bbox 275 3921 1617 4000; baseline 0.001 -20"><span class='ocrx_word' id='word_1_396' title='bbox 275 3922 328 3988; x_wconf 64' lang='grc'><strong>11,</strong></span> <span class='ocrx_word' id='word_1_397' title='bbox 352 3921 400 3991; x_wconf 82' lang='lat'><strong>12,</strong></span> <span class='ocrx_word' id='word_1_398' title='bbox 423 3923 455 3980; x_wconf 91' lang='lat' dir='ltr'><strong>iu</strong></span> <span class='ocrx_word' id='word_1_399' title='bbox 478 3927 524 3994; x_wconf 87' lang='lat' dir='ltr'><strong>fi.;</strong></span> <span class='ocrx_word' id='word_1_400' title='bbox 548 3929 579 3982; x_wconf 88' lang='lat' dir='ltr'><strong>et</strong></span> <span class='ocrx_word' id='word_1_401' title='bbox 602 3923 704 3998; x_wconf 87' lang='lat' dir='ltr'><strong>XXII,</strong></span> <span class='ocrx_word' id='word_1_402' title='bbox 727 3925 781 3992; x_wconf 66' lang='lat' dir='ltr'><strong>fr,</strong></span> <span class='ocrx_word' id='word_1_403' title='bbox 805 3921 834 3996; x_wconf 85' lang='lat'><strong>1;</strong></span> <span class='ocrx_word' id='word_1_404' title='bbox 851 3926 918 3982; x_wconf 91' lang='lat' dir='ltr'><strong>ideo</strong></span> <span class='ocrx_word' id='word_1_405' title='bbox 971 3926 1072 3984; x_wconf 90' lang='lat' dir='ltr'><strong>miuus</strong></span> <span class='ocrx_word' id='word_1_406' title='bbox 1095 3927 1212 4000; x_wconf 87' lang='lat' dir='ltr'><strong>siquis</strong></span> <span class='ocrx_word' id='word_1_407' title='bbox 1235 3941 1295 3999; x_wconf 87' lang='lat' dir='ltr'><strong>qua</strong></span> <span class='ocrx_word' id='word_1_408' title='bbox 1317 3925 1394 3982; x_wconf 87' lang='lat' dir='ltr'><strong>hora</strong></span> <span class='ocrx_word' id='word_1_409' title='bbox 1416 3924 1617 3982; x_wconf 85' lang='lat' dir='ltr'><strong>subdiacona-</strong></span> 
     </span>
     <span class='ocr_line' id='line_1_39' title="bbox 274 4003 1617 4082; baseline 0.002 -23"><span class='ocrx_word' id='word_1_410' title='bbox 274 4003 402 4060; x_wconf 87' lang='lat' dir='ltr'><strong>variant</strong></span> <span class='ocrx_word' id='word_1_411' title='bbox 411 4020 465 4077; x_wconf 91' lang='lat' dir='ltr'><strong>pro</strong></span> <span class='ocrx_word' id='word_1_412' title='bbox 475 4003 719 4082; x_wconf 87' lang='lat' dir='ltr'><strong>locis(DeLuca,</strong></span> <span class='ocrx_word' id='word_1_413' title='bbox 732 4005 752 4064; x_wconf 91' lang='lat' dir='ltr'><strong>l.</strong></span> <span class='ocrx_word' id='word_1_414' title='bbox 763 4003 915 4082; x_wconf 74' lang='lat' dir='ltr'><strong>c.‚n.24).</strong></span> <span class='ocrx_word' id='word_1_415' title='bbox 970 4011 1036 4064; x_wconf 88' lang='lat' dir='ltr'><strong>tum</strong></span> <span class='ocrx_word' id='word_1_416' title='bbox 1059 4006 1130 4076; x_wconf 78' lang='lat' dir='ltr'><strong>iuIt,</strong></span> <span class='ocrx_word' id='word_1_417' title='bbox 1154 4006 1206 4065; x_wconf 83' lang='lat' dir='ltr'><strong>rel</strong></span> <span class='ocrx_word' id='word_1_418' title='bbox 1228 4004 1452 4080; x_wconf 86' lang='lat' dir='ltr'><strong>professionem</strong></span> <span class='ocrx_word' id='word_1_419' title='bbox 1474 4004 1551 4074; x_wconf 82' lang='lat' dir='ltr'><strong>edit,</strong></span> <span class='ocrx_word' id='word_1_420' title='bbox 1569 4009 1617 4062; x_wconf 87' lang='lat' dir='ltr'><strong>to·</strong></span> 
     </span>
    </p>

    <p class='ocr_par' dir='ltr' id='par_1_10' title="bbox 276 4081 1618 4242">
     <span class='ocr_line' id='line_1_40' title="bbox 334 4081 1617 4160; baseline 0.003 -22"><span class='ocrx_word' id='word_1_421' title='bbox 334 4081 400 4160; x_wconf 89' lang='grc'>(19)</span> <span class='ocrx_word' id='word_1_422' title='bbox 422 4083 480 4144; x_wconf 84' lang='grc' dir='ltr'><strong>ΟΟ.</strong></span> <span class='ocrx_word' id='word_1_423' title='bbox 498 4087 528 4155; x_wconf 90' lang='lat'><strong>4,</strong></span> <span class='ocrx_word' id='word_1_424' title='bbox 545 4085 574 4156; x_wconf 88' lang='lat'><strong>5,</strong></span> <span class='ocrx_word' id='word_1_425' title='bbox 592 4083 638 4143; x_wconf 88' lang='lat' dir='ltr'><strong>De</strong></span> <span class='ocrx_word' id='word_1_426' title='bbox 658 4085 719 4144; x_wconf 75' lang='lat' dir='ltr'><strong>Vir.</strong></span> <span class='ocrx_word' id='word_1_427' title='bbox 743 4093 774 4143; x_wconf 86' lang='lat' dir='ltr'><strong>et</strong></span> <span class='ocrx_word' id='word_1_428' title='bbox 791 4087 914 4145; x_wconf 81' lang='lat' dir='ltr'><strong>honest.</strong></span> <span class='ocrx_word' id='word_1_429' title='bbox 971 4087 1035 4144; x_wconf 90' lang='lat' dir='ltr'><strong>tum</strong></span> <span class='ocrx_word' id='word_1_430' title='bbox 1059 4087 1125 4144; x_wconf 87' lang='lat' dir='ltr'><strong>eius</strong></span> <span class='ocrx_word' id='word_1_431' title='bbox 1146 4085 1208 4145; x_wconf 86' lang='lat' dir='ltr'><strong>diei</strong></span> <span class='ocrx_word' id='word_1_432' title='bbox 1230 4085 1381 4154; x_wconf 88' lang='lat' dir='ltr'><strong>officium,</strong></span> <span class='ocrx_word' id='word_1_433' title='bbox 1412 4085 1473 4142; x_wconf 89' lang='lat' dir='ltr'><strong>iam</strong></span> <span class='ocrx_word' id='word_1_434' title='bbox 1502 4082 1617 4142; x_wconf 89' lang='lat' dir='ltr'><strong>recita-</strong></span> 
     </span>
     <span class='ocr_line' id='line_1_41' title="bbox 276 4161 1618 4242; baseline -0.001 -21"><span class='ocrx_word' id='word_1_435' title='bbox 276 4161 376 4230; x_wconf 85' lang='lat' dir='ltr'><strong>Cler.;</strong></span> <span class='ocrx_word' id='word_1_436' title='bbox 398 4164 435 4221; x_wconf 91' lang='lat' dir='ltr'><strong>V.</strong></span> <span class='ocrx_word' id='word_1_437' title='bbox 459 4163 472 4221; x_wconf 95' lang='lat' dir='ltr'><strong>I</strong></span> <span class='ocrx_word' id='word_1_438' title='bbox 496 4163 657 4230; x_wconf 80' lang='lat' dir='ltr'><strong>Corinth..</strong></span> <span class='ocrx_word' id='word_1_439' title='bbox 678 4165 734 4237; x_wconf 90' lang='lat' dir='ltr'><strong>XI,</strong></span> <span class='ocrx_word' id='word_1_440' title='bbox 753 4166 801 4225; x_wconf 85' lang='lat'><strong>14.</strong></span> <span class='ocrx_word' id='word_1_441' title='bbox 971 4167 1067 4236; x_wconf 84' lang='lat' dir='ltr'><strong>verit,</strong></span> <span class='ocrx_word' id='word_1_442' title='bbox 1080 4165 1238 4242; x_wconf 87' lang='lat' dir='ltr'><strong>probabile</strong></span> <span class='ocrx_word' id='word_1_443' title='bbox 1253 4171 1301 4224; x_wconf 88' lang='lat' dir='ltr'><strong>est</strong></span> <span class='ocrx_word' id='word_1_444' title='bbox 1315 4163 1518 4230; x_wconf 87' lang='lat' dir='ltr'><strong>satisfecisse,</strong></span> <span class='ocrx_word' id='word_1_445' title='bbox 1530 4161 1618 4239; x_wconf 89' lang='lat' dir='ltr'><strong>quip-</strong></span> 
     </span>
    </p>

    <p class='ocr_par' dir='ltr' id='par_1_11' title="bbox 274 4241 1618 4563">
     <span class='ocr_line' id='line_1_42' title="bbox 334 4241 1618 4322; baseline 0 -20"><span class='ocrx_word' id='word_1_446' title='bbox 334 4241 400 4322; x_wconf 83' lang='lat'><strong>(11)</strong></span> <span class='ocrx_word' id='word_1_447' title='bbox 421 4245 468 4302; x_wconf 87' lang='lat' dir='ltr'><strong>Ex</strong></span> <span class='ocrx_word' id='word_1_448' title='bbox 491 4247 545 4304; x_wconf 90' lang='lat' dir='ltr'><strong>cit.</strong></span> <span class='ocrx_word' id='word_1_449' title='bbox 571 4247 604 4307; x_wconf 83' lang='grc' dir='ltr'><strong>Ο.</strong></span> <span class='ocrx_word' id='word_1_450' title='bbox 629 4249 660 4314; x_wconf 83' lang='grc'><strong>4;</strong></span> <span class='ocrx_word' id='word_1_451' title='bbox 684 4248 716 4305; x_wconf 90' lang='lat' dir='ltr'><strong>S.</strong></span> <span class='ocrx_word' id='word_1_452' title='bbox 737 4246 843 4322; x_wconf 70' lang='lat' dir='ltr'><strong>alpu,</strong></span> <span class='ocrx_word' id='word_1_453' title='bbox 860 4247 915 4317; x_wconf 92' lang='lat' dir='ltr'><strong>Vl,</strong></span> <span class='ocrx_word' id='word_1_454' title='bbox 971 4264 1007 4322; x_wconf 86' lang='lat' dir='ltr'><strong>pa</strong></span> <span class='ocrx_word' id='word_1_455' title='bbox 1028 4247 1159 4304; x_wconf 88' lang='lat' dir='ltr'><strong>officium</strong></span> <span class='ocrx_word' id='word_1_456' title='bbox 1179 4263 1323 4321; x_wconf 72' lang='lat' dir='ltr'><strong>prensum</strong></span> <span class='ocrx_word' id='word_1_457' title='bbox 1345 4246 1414 4303; x_wconf 75' lang='lat' dir='ltr'><strong>diez·</strong></span> <span class='ocrx_word' id='word_1_458' title='bbox 1434 4249 1483 4302; x_wconf 87' lang='lat' dir='ltr'><strong>est</strong></span> <span class='ocrx_word' id='word_1_459' title='bbox 1502 4244 1618 4322; x_wconf 74' lang='lat' dir='ltr'><strong>(sal-</strong></span> 
     </span>
     <span class='ocr_line' id='line_1_43' title="bbox 274 4323 1194 4402; baseline 0 -18"><span class='ocrx_word' id='word_1_460' title='bbox 274 4325 343 4384; x_wconf 74' lang='lat'><strong>826.</strong></span> <span class='ocrx_word' id='word_1_461' title='bbox 368 4323 433 4381; x_wconf 88' lang='lat' dir='ltr'><strong>Nec</strong></span> <span class='ocrx_word' id='word_1_462' title='bbox 455 4331 580 4400; x_wconf 85' lang='lat' dir='ltr'><strong>possunt</strong></span> <span class='ocrx_word' id='word_1_463' title='bbox 594 4326 641 4384; x_wconf 87' lang='lat' dir='ltr'><strong>uti</strong></span> <span class='ocrx_word' id='word_1_464' title='bbox 656 4343 742 4384; x_wconf 90' lang='lat' dir='ltr'><strong>coma</strong></span> <span class='ocrx_word' id='word_1_465' title='bbox 757 4327 918 4386; x_wconf 86' lang='lat' dir='ltr'><strong>adscititia</strong></span> <span class='ocrx_word' id='word_1_466' title='bbox 971 4325 1075 4402; x_wconf 91' lang='lat' dir='ltr'><strong>phon.,</strong></span> <span class='ocrx_word' id='word_1_467' title='bbox 1101 4328 1122 4383; x_wconf 90' lang='lat' dir='ltr'><strong>l.</strong></span> <span class='ocrx_word' id='word_1_468' title='bbox 1140 4325 1194 4400; x_wconf 77' lang='lat' dir='ltr'><strong>e).</strong></span> 
     </span>
     <span class='ocr_line' id='line_1_44' title="bbox 274 4403 1618 4484; baseline -0.001 -20"><span class='ocrx_word' id='word_1_469' title='bbox 274 4407 393 4464; x_wconf 90' lang='lat' dir='ltr'><strong>iniussu</strong></span> <span class='ocrx_word' id='word_1_470' title='bbox 415 4405 559 4482; x_wconf 86' lang='lat' dir='ltr'><strong>Episcopi</strong></span> <span class='ocrx_word' id='word_1_471' title='bbox 579 4407 626 4484; x_wconf 84' lang='lat' dir='ltr'><strong>(S.</strong></span> <span class='ocrx_word' id='word_1_472' title='bbox 640 4407 674 4466; x_wconf 83' lang='lat' dir='ltr'><strong>G.</strong></span> <span class='ocrx_word' id='word_1_473' title='bbox 693 4411 740 4474; x_wconf 72' lang='lat' dir='ltr'><strong>C..</strong></span> <span class='ocrx_word' id='word_1_474' title='bbox 757 4407 777 4466; x_wconf 88' lang='grc'>9</span> <span class='ocrx_word' id='word_1_475' title='bbox 793 4408 917 4466; x_wconf 89' lang='lat' dir='ltr'><strong>Decem·</strong></span> <span class='ocrx_word' id='word_1_476' title='bbox 1029 4403 1096 4484; x_wconf 87' lang='grc'>(16)</span> <span class='ocrx_word' id='word_1_477' title='bbox 1116 4407 1164 4466; x_wconf 80' lang='lat' dir='ltr'><strong>Es</strong></span> <span class='ocrx_word' id='word_1_478' title='bbox 1179 4409 1213 4467; x_wconf 84' lang='grc' dir='ltr'><strong>Ο.</strong></span> <span class='ocrx_word' id='word_1_479' title='bbox 1240 4405 1268 4475; x_wconf 93' lang='lat' dir='ltr'><strong>l,</strong></span> <span class='ocrx_word' id='word_1_480' title='bbox 1292 4405 1339 4464; x_wconf 86' lang='lat' dir='ltr'><strong>De</strong></span> <span class='ocrx_word' id='word_1_481' title='bbox 1355 4405 1476 4464; x_wconf 72' lang='lat' dir='ltr'><strong>celebr.</strong></span> <span class='ocrx_word' id='word_1_482' title='bbox 1507 4403 1618 4474; x_wconf 78' lang='lat' dir='ltr'><strong>Miss.,·</strong></span> 
     </span>
     <span class='ocr_line' id='line_1_45' title="bbox 274 4483 1394 4563; baseline -0.002 -19"><span class='ocrx_word' id='word_1_483' title='bbox 274 4487 340 4545; x_wconf 91' lang='lat' dir='ltr'><strong>bris</strong></span> <span class='ocrx_word' id='word_1_484' title='bbox 364 4483 551 4556; x_wconf 77' lang='lat' dir='ltr'><strong>1690313en.</strong></span> <span class='ocrx_word' id='word_1_485' title='bbox 575 4487 661 4559; x_wconf 88' lang='lat' dir='ltr'><strong>XIV,</strong></span> <span class='ocrx_word' id='word_1_486' title='bbox 686 4487 731 4546; x_wconf 90' lang='lat' dir='ltr'><strong>De</strong></span> <span class='ocrx_word' id='word_1_487' title='bbox 748 4487 915 4560; x_wconf 76' lang='lat' dir='ltr'><strong>Sprr.,Xl‚</strong></span> <span class='ocrx_word' id='word_1_488' title='bbox 972 4486 1003 4545; x_wconf 88' lang='lat' dir='ltr'><strong>S.</strong></span> <span class='ocrx_word' id='word_1_489' title='bbox 1022 4487 1129 4563; x_wconf 75' lang='lat' dir='ltr'><strong>Alpin,</strong></span> <span class='ocrx_word' id='word_1_490' title='bbox 1153 4487 1208 4558; x_wconf 92' lang='lat' dir='ltr'><strong>IV,</strong></span> <span class='ocrx_word' id='word_1_491' title='bbox 1234 4487 1301 4558; x_wconf 84' lang='lat'><strong>147,</strong></span> <span class='ocrx_word' id='word_1_492' title='bbox 1328 4485 1394 4543; x_wconf 88' lang='lat'><strong>148.</strong></span> 
     </span>
    </p>

    <p class='ocr_par' dir='ltr' id='par_1_12' title="bbox 274 4563 1316 4646">
     <span class='ocr_line' id='line_1_46' title="bbox 274 4563 1316 4646; baseline 0.001 -20"><span class='ocrx_word' id='word_1_493' title='bbox 274 4567 329 4638; x_wconf 93' lang='lat' dir='ltr'><strong>IV,</strong></span> <span class='ocrx_word' id='word_1_494' title='bbox 353 4563 394 4646; x_wconf 87' lang='lat'><strong>4);</strong></span> <span class='ocrx_word' id='word_1_495' title='bbox 418 4565 479 4624; x_wconf 91' lang='lat' dir='ltr'><strong>nisi</strong></span> <span class='ocrx_word' id='word_1_496' title='bbox 500 4567 583 4626; x_wconf 87' lang='lat' dir='ltr'><strong>aliud</strong></span> <span class='ocrx_word' id='word_1_497' title='bbox 605 4569 754 4628; x_wconf 87' lang='lat' dir='ltr'><strong>obtineat.</strong></span> <span class='ocrx_word' id='word_1_498' title='bbox 1313 4613 1316 4618; x_wconf 88' lang='lat'><strong>.</strong></span> 
     </span>
    </p>
   </div>
   <div class='ocr_carea' id='block_1_6' title="bbox 0 0 1792 5120">
    <p class='ocr_par' dir='ltr' id='par_1_13' title="bbox 0 0 1792 5120">
     <span class='ocr_line' id='line_1_47' title="bbox 0 0 1792 5120; baseline 0 0"><span class='ocrx_word' id='word_1_499' title='bbox 0 0 1792 5120; x_wconf 95' lang='lat' dir='ltr'><strong> </strong></span> 
     </span>
    </p>
   </div>
  </div>
 </body>
</html>
