3536 5124
288 243 352 312 556
611 263 702 309 arnan
726 262 773 308 nr.
790 273 814 290 ··
829 261 946 308 aanor.
973 260 1015 305 rr.
1042 261 1083 305 oa
1109 257 1307 304 uiroruonro

779 587 782 594 ’
860 606 996 676 aaron
1021 611 1060 676 u.

696 816 735 862 1111
760 814 956 862 ltnrnfflouto
987 814 1227 862 conrnnuunuo.

625 983 706 1048 Aur.
733 984 758 1047 Ι.
786 979 1043 1050 Substantialia
1064 982 1297 1048 matrimonii.

351 1175 428 1244 488.
456 1171 701 1243 substantialia
726 1171 941 1242 matrimonii
965 1173 1032 1241 duo
1055 1177 1139 1242 sunt
1161 1169 1312 1241 naturali
1337 1172 1424 1256 iure,
1461 1169 1635 1260 potentia,

185 1273 187 1278 ’
292 1283 349 1353 vel
371 1283 501 1367 lutura,
519 1279 680 1366 coeundi,
697 1286 734 1350 et
756 1299 957 1349 consensus:
983 1279 1043 1350 sed
1066 1281 1140 1350 iure
1164 1278 1312 1370 positivo
1329 1279 1447 1348 multis
1462 1299 1483 1347 a
1500 1277 1637 1367 nuptiis

291 1391 527 1482 prohibemur,
551 1407 640 1478 quae
657 1387 746 1476 apud
771 1391 913 1457 Nostros
933 1386 1142 1456 ‘tractatione
1162 1387 1204 1454 de
1227 1386 1485 1476 impedimentis
1508 1388 1636 1454 matri·
1742 1432 1748 1470 ,

292 1500 405 1566 monii
426 1495 678 1582 comprehensa
702 1499 796 1562 sunt.
824 1495 912 1561 Sunt
925 1497 1043 1561 autem
1060 1491 1310 1582 impedimenta
1327 1489 1545 1563 conditiones
1576 1491 1635 1559 vel
1745 1491 1748 1574 ξ

292 1601 579 1698 circumstantiae
602 1600 677 1668 iure
700 1599 924 1685 constitutae,
949 1618 1038 1690 quae
1061 1607 1225 1668 arcente
1253 1597 1395 1688 nuptiis,
1431 1617 1492 1666 seu
1522 1596 1633 1682 licite,

292 1732 354 1782 seu
378 1711 504 1796 valide,
530 1707 787 1778 contrahendis.
816 1713 968 1800 atquae
1000 1707 1222 1778 matrimonia
1253 1705 1345 1777 licite
1377 1704 1465 1775 inire
1495 1711 1633 1789 vetant,
1746 1797 1747 1800 Ἴ

292 1821 522 1909 impedientia
545 1817 612 1886 dici
636 1817 760 1904 solent,
778 1835 866 1908 quae
883 1816 1009 1900 valide,
1028 1816 1253 1900 dirimenda
1272 1815 1378 1886 verbo
1397 1815 1507 1904 (haec)
1524 1814 1638 1902 magis
1746 1843 1748 1908 ξ

291 1946 397 2016 quam
420 1944 523 1994 sensu
548 1921 772 2008 inconcinna,
799 1920 989 1990 nonenim
1014 1920 1141 1990 initum
1165 1921 1346 2006 dirimunt,
1381 1919 1409 1990 si
1439 1923 1527 1990 forte
1556 1926 1638 2012 post
1746 1913 1748 1926 ⁸

291 2029 571 2122 supervenerint,
596 2027 655 2098 sed
678 2027 792 2096 valide
816 2025 897 2095 iniri
921 2033 1045 2098 vetant
1070 2029 1129 2116 (1).

351 2138 428 2206 aas.
458 2139 560 2204 Porro
584 2133 833 2222 impedimenta
856 2132 1068 2219 dirimentis,
1088 2133 1226 2204 ⁴stricta
1261 2132 1527 2222 significatione,
1561 2153 1635 2202 non
1746 2203 1748 2226 τ

292 2263 333 2312 ea
357 2239 502 2330 accipio,
538 2260 627 2332 quae
661 2239 832 2330 quoslibet
864 2245 1064 2310 contractus
1099 2239 1238 2325 vitiant,
1276 2245 1315 2307 ut
1338 2259 1445 2326 error,
1482 2239 1549 2326 vis,
1564 2237 1636 2308 ¹sed

224 2420 228 2426 ,
291 2367 380 2439 quae
403 2349 584 2435 speciatim
607 2349 878 2414 matrimonium
904 2346 1045 2416 vitiant.
1084 2346 1336 2436 Impedimenta
1359 2343 1557 2414 huiusmodi
1582 2363 1637 2413 re·

293 2453 415 2522 cidunt
438 2451 475 2520 in
499 2451 591 2540 leges
614 2449 887 2540 inhabilitantes;
913 2451 989 2521 ideo
1013 2451 1227 2541 regulariter,
1265 2470 1331 2522 nec
1364 2450 1562 2540 ignorantia
1586 2450 1633 2520 ab
1746 2449 1747 2496 i

294 2559 344 2629 eis
368 2557 587 2628 incurrendis
610 2563 767 2643 excusat,
792 2577 858 2627 nec
882 2557 936 2627 vis
958 2564 994 2628 ct
1017 2565 1132 2627 metus
1150 2559 1210 2645 (8).
1247 2555 1374 2626 Omnia
1402 2558 1457 2626 vel
1481 2555 1637 2626 naturali

292 2665 367 2734 iure
390 2669 569 2749 constant,
595 2662 651 2732 vel
674 2663 889 2752 evangelico,
915 2664 971 2734 vel
995 2665 1182 2735 canonico:
1209 2684 1321 2756 neque
1345 2661 1440 2734 enim
1457 2661 1638 2751 Episcopis
1747 2651 1748 2668 ¹

292 2793 332 2842 ea
356 2772 577 2842 introducere
600 2771 721 2840 datum
744 2777 809 2858 esa
836 2793 901 2841 nec
924 2773 1114 2864 quidquam
1137 2793 1263 2842 cavere
1286 2771 1378 2864 quod
1404 2771 1489 2840 alias
1513 2770 1637 2868 matri·
1746 2791 1748 2794 ·

294 2879 451 2952 monium
476 2879 615 2948 irritum
652 2881 765 2949 lacere
800 2885 915 2968 posset
940 2881 1000 2967 (5).
1026 2881 1096 2950 Illa
1123 2885 1160 2949 et
1184 2883 1250 2951 ista
1272 2885 1398 2949 tenem
1419 2898 1541 2948 omnes
1570 2879 1635 2968 (4),
1747 2895 1748 2898 ’

292 2988 379 3060 aare
402 2985 616 3056 christicolas
640 2990 778 3054 tantum
805 2987 865 3072 (i).
893 2985 1125 3056 Nihilominus
1147 2985 1175 3054 si
1200 2986 1339 3076 nuptias
1369 2993 1495 3055 coeant
1523 2984 1639 3055 fidelis
1743 3000 1748 3066 ἱ

197 3083 199 3086 ’
293 3101 329 3164 et
348 3093 499 3164 infidelis
522 3113 603 3162 cum
627 3091 892 3162 matrimonium
919 3092 1125 3162 claudicare
1148 3113 1219 3162 non
1242 3091 1349 3181 possit
1375 3095 1428 3180 (V.
1462 3097 1537 3160 Par.
1568 3095 1636 3177 II.,

293 3201 407 3285 atus,
427 3221 461 3268 n.
484 3200 550 3286 ll),
575 3197 604 3268 si
627 3197 765 3289 aliquod
788 3197 1079 3287 impedimentum
1103 3197 1177 3267 iure
1201 3197 1371 3268 canonico
1395 3197 1637 3268 introductum

353 3470 641 3552 (l)Iurno1nnr1a
666 3473 743 3531 hacc
771 3477 935 3548 supersunt
1049 3471 1094 3552 (2)
1115 3474 1216 3546 Prol.,
1240 3473 1344 3550 §2163
1367 3477 1406 3534 V.
1429 3475 1558 3546 sooch„
1576 3475 1635 3535 lib.
1734 3470 1748 3516 'i

306 3553 344 3612 V.
371 3551 403 3610 S.
430 3553 539 3628 Alph.,
566 3549 730 3630 v1‚982):
763 3546 935 3610 Ecclesiae
990 3553 1060 3624 VII,
1084 3554 1170 3630 Disp.
1189 3553 1229 3627 V;
1253 3556 1361 3627 Oroix,
1393 3555 1448 3625 VI,
1474 3554 1534 3625 ΙΙΙ,
1558 3554 1634 3615 525.
1734 3554 1748 3616 ¹.

307 3631 483 3710 Ordioarii)
518 3637 652 3692 vetitam
687 3640 717 3691 et
752 3633 934 3708 disparitas
990 3635 1037 3694 Ex
1058 3634 1108 3693 his
1129 3637 1259 3708 famosa
1288 3635 1433 3694 dicuntur
1462 3651 1541 3710 quae
1566 3653 1638 3694 ma·
1745 3661 1748 3698 r

293 3714 402 3773 onitas
425 3715 609 3790 impropria
635 3713 667 3793 (ἕ
688 3712 772 3790 437),
806 3721 934 3788 tempas
989 3720 1065 3772 nant
1086 3731 1125 3772 ex
1146 3731 1241 3774 causa
1262 3715 1358 3792 turpi3
1376 3731 1483 3790 nempe
1498 3713 1640 3775 affinitas
1746 3739 1748 3790 3

306 3789 428 3870 54⁶4),
452 3795 623 3870 sponsalia
650 3793 682 3872 (ᾖ
704 3791 791 3870 432),
825 3801 934 3851 aotam
988 3813 1028 3854 ex
1050 3794 1159 3870 copula
1180 3793 1311 3866 illicita,
1335 3799 1368 3855 at
1388 3794 1517 3854 crimen.
1746 3793 1748 3822 ³

305 3872 428 3950 5435).
452 3873 659 3934 Drnrnnnrm
673 3873 751 3932 haec
763 3873 809 3952 (S.
823 3873 932 3950 Alph.,
1048 3873 1095 3954 (3)
1115 3875 1191 3934 Ben.
1225 3873 1317 3946 XIV,
1350 3877 1396 3935 De
1418 3876 1514 3949 Syn„
1543 3875 1636 3948 xm,
1746 3879 1748 3938 ἓ

293 3949 393 4030 1008)
410 3953 515 4010 Error
528 3953 560 4032 (§
571 3951 654 4032 444),
667 3955 810 4012 conditio
820 3951 853 4030 (ᾗ
865 3955 932 4025 444,
988 3955 1040 4027 233
1064 3952 1161 4030 Lugo,
1185 3955 1282 4032 Resp.
1305 3957 1403 4025 Mor„
1424 3955 1450 4025 Ι,
1472 3954 1521 4024 45,
1538 3955 1569 4014 4.

292 4055 322 4095 n.
354 4033 422 4110 15),
460 4052 568 4092 ooam
600 4035 632 4112 (ς
660 4032 751 4109 435),
784 4037 934 4108 coqnatio
1049 4031 1096 4115 (4)
1117 4035 1287 4106 Schisma,
1311 4037 1366 4106 IV,
1391 4037 1420 4107 1,
1436 4033 1506 4105 375;
1529 4035 1637 4106 Prol.,

291 4115 324 4190 (ἓ
345 4111 428 4191 433),
458 4117 585 4173 crimen
612 4115 644 4194 (ἐ
670 4113 753 4190 438).
777 4145 794 4156 -
818 4113 934 4172 Caritas
990 4115 1094 4191 5197,
1118 4134 1147 4172 n.
1165 4115 1196 4174 9.

294 4195 474 4271 disparitas
496 4195 528 4272 (5
541 4194 624 4274 437),
649 4197 697 4252 ais
710 4194 743 4334 q}
757 4191 841 4272 445),
857 4195 934 4253 ordo
1048 4193 1095 4276 (5)
1114 4197 1149 4255 0.
1173 4196 1201 4265 4,
1218 4195 1265 4254 De
1278 4193 1473 4270 vConsarap.;
1487 4195 1521 4255 O.
1538 4194 1572 4267 8,
1587 4195 1639 4255 De

304 4269 428 4352 §437),
454 4277 601 4350 iipamen
621 4275 653 4354 (5
674 4275 714 4334 43
735 4273 757 4354 ),
781 4275 934 4334 honestas
989 4276 1112 4335 Dioort.
1154 4275 1256 4335 Multa
1290 4277 1483 4352 scripserunt
1523 4273 1637 4350 Ioseph
1746 4289 1748 4356 )

305 4353 427 4432 5434).
452 4387 468 4398 -
491 4355 590 4414 Aetas
612 4355 644 4433 (5
659 4353 733 4426 431,
757 4373 787 4414 n.
806 4353 868 4434 11),
886 4359 935 4430 af·
990 4355 1163 4424 Mersella,
1200 4356 1317 4415 Romae
1354 4355 1447 4426 1881;
1481 4353 1639 4414 Henricus
1746 4369 1748 4434 (

292 4437 372 4512 finis
384 4433 417 4512 (ὃ
426 4433 510 4512 433),
526 4439 556 4494 si
567 4436 796 4494 clandestinas
807 4435 839 4513 (S
850 4433 932 4514 459),
990 4436 1119 4496 Ioannes
1140 4436 1240 4511 Fcije,
1263 4433 1397 4495 Lovanii
1420 4432 1508 4503 Issa
1530 4438 1564 4492 et
1579 4435 1636 4492 Ze·
1746 4437 1748 4442 '

293 4523 325 4574 et
344 4517 447 4591 impos
468 4515 501 4591 (ἓ
514 4514 596 4594 431).
615 4545 632 4559 -
648 4516 851 4590 Raptaoesii
863 4533 935 4573 ma·
990 4516 1142 4593 phyriuus
1164 4514 1284 4590 Zitelli,
1307 4515 1424 4574 Romae
1450 4513 1537 4573 1887.

293 4597 366 4663 tier,
388 4613 447 4654 nee
471 4595 536 4653 loco
559 4595 690 4654 reddita
713 4601 779 4652 tato
793 4595 825 4674 (ᾗ
848 4593 932 4674 446).
