3594 5122
275 221 340 292 ala
407 243 497 289 ursan
521 243 568 288 ιιι.
586 257 607 270 -
623 239 739 287 rnaor.
766 241 787 286 ι.
817 238 880 284 rrr.
907 239 929 285 ι.
957 238 1151 286 asuerum
1177 236 1434 285 sacraemnta.
1461 238 1490 282 ι.

274 345 451 434 telligitur,
478 344 608 414 nedum
631 337 659 411 si
684 341 774 412 absit
799 342 956 426 omnino,
982 341 1042 412 sed
1066 339 1131 410 etsi
1154 340 1248 410 aliud
1264 361 1325 431 pro
1342 340 1409 410 alio
1425 341 1619 412 adhibitum

273 451 402 536 luerit,
416 451 473 521 vel
498 447 772 520 substantialiter
796 447 902 518 luerit
927 447 1170 517 immutatum.
1197 453 1291 518 llaec
1314 453 1433 518 autem
1449 467 1520 518 non
1537 453 1622 518 sunt

271 558 423 650 physice,
449 549 511 626 sed
532 555 710 626 moraliter
733 553 968 624 aestimanda:
994 553 1074 646 quia
1098 549 1261 624 ellectum
1278 561 1468 644 praestant,
1486 577 1557 628 uon
1572 577 1618 626 ex

275 663 387 734 indita
411 663 562 732 naturali
586 663 722 748 visua,
748 662 807 732 sed
830 660 1086 752 supernaturali
1111 667 1147 732 et
1171 661 1289 732 divina
1309 664 1370 752 (5).
1397 667 1441 732 lt
1464 662 1533 733 iam
1548 664 1619 734 sin·
1700 751 1702 757 A

274 769 608 872 gulaxdispiciamus.
634 775 764 839 Verum
787 789 875 860 quae
900 767 956 838 bie
983 767 1109 837 dicturi
1135 789 1267 854 sumna,
1292 790 1363 838 non
1387 789 1524 858 semper
1538 791 1619 860 poe·

275 873 463 966 nitentiael,
499 895 578 944 raro
613 881 730 944 autem
764 872 989 964 matrimonip
1013 872 1124 963 aptari
1149 879 1309 964 possunt;
1336 873 1461 967 quippe
1485 876 1616 946 illaad

276 983 386 1052 instar
408 979 524 1050 iudicii
548 980 745 1066 conficitur,
770 980 832 1048 boc
856 980 900 1050 ad
924 979 1035 1051 instar
1058 987 1272 1050 contractus.

642 1171 644 1176 ι
747 1203 827 1268 Aur.
855 1203 880 1268 l.
909 1203 958 1266 De
981 1203 1146 1269 Materia.

283 1381 285 1388 ’
334 1389 410 1458 232.
439 1385 582 1457 Materia
608 1384 821 1454 sacramenti
845 1383 972 1454 dicitur
995 1405 1050 1453 res
1073 1383 1143 1470 illa,
1170 1387 1226 1454 vel
1251 1389 1340 1455 aetio
1363 1408 1444 1478 qua,
1463 1409 1507 1458 ex
1520 1387 1617 1456 auri·

230 1573 233 1580 ,
273 1493 317 1564 sti
355 1492 594 1578 institutione,
622 1491 773 1561 Ecclesia
797 1491 910 1560 utitur
932 1491 968 1562 iu
993 1489 1221 1560 sacramentis
1245 1491 1490 1578 conficiendis,
1516 1498 1619 1583 prout

273 1621 362 1692 aqua
393 1599 430 1670 in
454 1598 645 1690 baptismol,
671 1597 843 1688 impositio
869 1617 1037 1668 manuum
1063 1599 1098 1668 in
1130 1597 1251 1668 ordine
1278 1599 1337 1686 (l).
1377 1599 1556 1670 Diducitur
1579 1601 1616 1670 in

275 1711 468 1791 remotam,
498 1711 534 1774 et
568 1704 774 1794 proximam.
802 1707 946 1772 Remota
970 1709 1023 1773 est
1047 1725 1102 1772 ros
1126 1703 1197 1794 ipsa
1225 1703 1273 1793 (in
1298 1708 1433 1774 actione
1456 1706 1541 1776 haec
1565 1705 1614 1774 di-

273 1811 414 1882 stinctio
439 1817 576 1900 cessat),
603 1813 700 1882 velut
722 1832 829 1903 aqua:
853 1813 1021 1899 proxima
1044 1817 1097 1880 est
1112 1810 1214 1880 buius
1231 1811 1280 1880 rei
1297 1831 1391 1898 usus,
1410 1813 1508 1882 velut
1522 1813 1617 1882 ablu·

272 1917 333 1987 tio.
363 1924 522 1990 aeterum
546 1918 681 2009 quoties
704 1914 888 1987 materiam
912 1915 1116 2006 simpliciter
1138 1916 1304 2002 dicimus,
1331 1924 1465 1989 remota
1490 1917 1616 1988 intelli·

274 2025 379 2116 gitur.

333 2135 409 2204 235.
436 2131 491 2200 Uti
515 2129 620 2222 igitur
642 2137 861 2202 sacramento
887 2133 941 2202 vis
957 2137 1093 2200 constet
1109 2151 1183 2218 sua,
1202 2153 1242 2201 ea
1260 2132 1404 2201 materia
1421 2131 1615 2202 adhibenda

271 2248 338 2328 est,
363 2263 468 2333 quam
493 2238 647 2310 Christus
671 2238 842 2310 instituit:
868 2238 927 2330 qui
951 2237 1055 2309 aliam
1080 2239 1233 2326 adhibet,
1261 2245 1405 2330 utputa
1430 2240 1553 2310 vinum
1577 2240 1614 2310 in

271 2346 456 2437 baptismo,
482 2345 538 2415 vel
562 2364 689 2435 aquam
711 2343 748 2414 in
772 2343 994 2430 eucharistia,
1022 2343 1108 2413 nillil
1133 2345 1216 2434 agit.
1244 2343 1317 2415 llia
1343 2367 1426 2415 vero
1444 2366 1518 2417 esse
1534 2366 1615 2415 cum

156 2509 158 2514 .
271 2453 395 2542 primis
418 2449 604 2536 videbitur,
630 2449 671 2537 si,
693 2451 755 2536 l⁰.,
775 2453 828 2520 vel
855 2451 1018 2520 naucloro
1044 2451 1091 2520 ita
1116 2451 1268 2540 perlecta
1292 2452 1350 2538 sit,
1368 2457 1407 2520 ut
1422 2452 1499 2521 usui
1515 2457 1615 2520 natu-

271 2557 335 2628 rali
369 2578 431 2628 suo
464 2557 640 2626 deservire
676 2555 781 2646 possit
817 2560 868 2646 (ut
901 2557 1000 2646 panis
1023 2557 1165 2642 crudus,
1193 2559 1249 2627 vel
1272 2557 1532 2646 omphacium),
1560 2557 1616 2627 tel

273 2671 408 2750 contra,
435 2664 498 2749 2⁰,
524 2663 572 2733 ita
597 2668 770 2754 corrupta,
796 2668 836 2732 ut
859 2663 1043 2754 pristinam
1068 2670 1230 2733 naturam
1241 2663 1433 2754 perdidisse
1449 2665 1610 2734 videatur

275 2775 328 2860 (ut
350 2769 449 2860 panis
473 2769 644 2854 mucidus,
670 2769 727 2838 vel
751 2772 926 2858 acetum);
967 2772 1044 2855 vel,
1083 2771 1148 2855 5⁰,
1179 2769 1205 2839 si
1234 2771 1451 2840 admixtione
1474 2769 1619 2842 alterius

273 2873 440 2946 materiae
463 2875 647 2946 immutata
672 2875 777 2944 luerit
798 2875 1074 2946 substantialiter
1099 2877 1185 2966 (non
1209 2877 1294 2947 item
1310 2877 1338 2947 si
1355 2877 1618 2947 accidentaliter

272 2983 438 3065 tantum).
477 2985 625 3067 Verum,
650 2980 730 3072 quia
756 2982 820 3050 boc
846 2981 1046 3067 moraliter,
1074 3002 1145 3051 non
1170 2982 1334 3072 physice,
1359 2982 1615 3052 aestimandum

273 3095 326 3158 est
351 3089 383 3176 (ἓ
408 3089 484 3174 225,
511 3109 546 3157 n.
575 3089 623 3174 b),
659 3095 744 3158 tunc
779 3087 1053 3158 substantialiter
1086 3088 1272 3158 immutata
1297 3087 1507 3174 censebitur,
1533 3109 1615 3158 cum

272 3193 434 3284 opinione
459 3193 640 3264 hominum
665 3195 730 3264 alia
754 3215 829 3265 esse
853 3195 1084 3285 intelligitur:
1119 3195 1223 3264 buius
1250 3195 1298 3264 rei
1323 3215 1407 3264 vero
1431 3195 1468 3264 in
1492 3194 1616 3284 primis

272 3297 440 3368 indicium
463 3299 541 3385 erit,
567 3297 595 3368 si
619 3300 698 3384 alio,
724 3320 765 3371 ac
788 3307 905 3386 antea,
933 3301 1076 3370 nomine
1107 3307 1329 3390 nuncupetur
1352 3302 1412 3389 (b).
1451 3299 1548 3388 Plus,
1586 3299 1615 3369 si

264 3405 418 3490 materia
442 3411 609 3476 extranea
633 3405 879 3492 admisceatur,
909 3407 1006 3476 velut
1028 3426 1120 3498 aqua
1145 3407 1241 3492 vino,
1267 3405 1295 3476 si
1319 3413 1466 3497 utraque
1490 3428 1535 3475 ex
1560 3427 1616 3476 ae-

268 3531 352 3603 quo,
380 3511 436 3581 vel
459 3511 569 3602 quasi,
595 3512 839 3598 admisceatur,
866 3533 930 3582 nec
954 3533 1055 3604 aqua,
1082 3531 1147 3581 nec
1171 3512 1295 3582 vinum
1320 3512 1525 3603 intelligitur
1544 3513 1614 3601 (3),

268 3617 419 3710 ideoque
443 3639 508 3688 nec
533 3619 787 3690 consecrationi
809 3619 984 3689 deservire
1008 3619 1147 3708 poterit,
1174 3639 1239 3689 nec
1263 3619 1434 3710 baptismo
1460 3623 1527 3711 (l),
1560 3620 1616 3690 sin

268 3854 404 3924 exerat,
429 3869 488 3910 non
510 3855 544 3909 ut
573 3868 628 3910 sua
651 3851 702 3910 illi
720 3869 781 3926 per
810 3870 843 3910 se
871 3850 920 3909 vis
975 3851 1100 3922 multis,
1122 3851 1174 3909 sed
1196 3849 1400 3910 historicum:
1422 3851 1499 3927 quod
1518 3851 1617 3910 velim

270 3935 411 3990 constet:
435 3931 492 4000 sio,
524 3949 556 3988 v.
580 3949 626 4002 a,
654 3930 747 4006 ignis,
773 3931 832 3990 etsi
861 3949 919 3988 non
976 3947 1013 3988 ne
1035 3931 1171 3989 excidat.

272 4011 434 4068 comburet
450 4011 633 4082 amiantum,
647 4009 730 4085 ignis
744 4013 802 4070 est.
820 4011 919 4068 Porro
1033 4009 1079 4089 (5)
1093 3995 1140 4070 Cf.
1167 4011 1275 4076 Suam,
1299 4007 1384 4085 Disp.
1409 4009 1444 4081 2,
1470 4009 1553 4070 Seet.
1577 4013 1615 4082 43

279 4088 331 4147 bic
348 4089 529 4148 admonendi
546 4107 660 4160 sumuS,
677 4090 735 4148 hoc
748 4089 917 4161 decretum,
974 4090 1101 4166 haym,
1126 4088 1156 4148 b.
1182 4098 1217 4158 t„
1241 4089 1296 4159 IV,
1327 4091 1364 4162 43
1388 4090 1491 4166 Sper,
1524 4091 1556 4149 b.
1580 4099 1617 4162 t.,

269 4169 330 4226 nori
356 4185 375 4226 a
397 4169 536 4229 Concilio
565 4169 764 4239 Florentino,
799 4169 849 4228 sed
881 4169 918 4228 ab
974 4187 1004 4228 n.
1028 4169 1083 4240 823
1107 4168 1139 4227 S.
1163 4169 1272 4245 Alpb,
1296 4169 1350 4239 VI,
1373 4169 1403 4229 9.

268 4247 351 4324 Eug.
383 4247 427 4306 IV
448 4249 480 4306 in
503 4250 587 4308 Sess.
615 4250 677 4308 aa.
708 4249 795 4309 illius
824 4251 915 4310 (lonc.
1048 4248 1078 4328 1)
1099 4249 1136 4307 Ι).
1162 4251 1233 4320 Th.,
1259 4249 1314 4320 ΙΙΙ,
1337 4248 1388 4320 60,
1411 4248 1527 4322 Aba,
1550 4249 1580 4308 6.

267 4327 388 4387 editum
411 4326 519 4398 fuisse,
550 4347 605 4404 pro
627 4329 829 4388 instructione
858 4331 917 4389 Ar·
1045 4329 1077 4409 2)
1093 4327 1616 4406 Suar.,2,‹l,r.Sicero;Lugo,II,

268 4425 443 4480 merorum,
467 4407 625 4468 Ecclesiae
646 4409 803 4468 Romanae
825 4410 917 4468 disci·
973 4405 1047 4480 1043
1071 4407 1197 4484 baym,
1221 4410 1276 4482 tv,
1306 4409 1335 4479 43
1363 4409 1466 4485 Spon,
1490 4427 1519 4470 u.
1536 4409 1589 4470 86.

268 4486 391 4563 plinam
431 4488 511 4546 scire
548 4487 756 4563 cupientium,
790 4489 916 4563 ideoque
1044 4489 1064 4548 3
1096 4491 1133 4548 D.
1151 4489 1226 4562 Tb,
1244 4487 1367 4561 111,74,
1385 4489 1415 4561 3,
1432 4489 1513 4549 ad3.

268 4583 326 4624 non
366 4568 576 4643 dogmaticum
609 4585 694 4638 esse,
732 4585 786 4626 «reu
815 4569 913 4629 visum
1029 4487 1144 4650 {4331
1166 4570 1273 4641 Oroix,
1296 4570 1351 4642 VI,
1376 4569 1403 4643 l,
1428 4569 1497 4628 424.
