3594 5122
544 123 551 159 t

544 167 551 204 l

314 301 389 348 aar.
417 303 439 348 1.
466 301 506 346 nu
531 272 690 365 ursrsrno,
717 302 754 346 er
779 301 861 358 oure
885 301 1034 348 nrursrrra
1057 301 1240 350 osssnvamr
1265 304 1336 350 arc.
1437 283 1502 351 227

156 403 264 494 cipes)
289 401 407 472 omnia
432 403 621 471 conterunt
643 407 876 489 sacramenta,
902 403 1022 472 sedin
1053 403 1174 494 primis
1203 425 1257 488 ea,
1290 404 1414 495 quibus
1443 406 1504 474 ali-

156 509 248 602 quod
272 527 401 578 munus
424 508 599 592 cohaeret,
625 529 753 598 nempe
776 508 1095 596 confirmationem,
1122 516 1158 578 et
1180 509 1350 580 ordinem.
1386 517 1424 579 ln
1453 529 1505 580 se·

153 615 269 686 cundo
293 614 501 706 presbyteri,
527 613 598 706 qui,
626 615 782 705 exceptis
807 616 860 685 tris
883 619 1028 704 dnobus,
1064 615 1211 708 reliquan
1227 615 1430 686 conficiunt.
1465 623 1504 686 ln

120 715 122 720 ’
155 719 260 792 tertio
283 741 368 790 vero
392 719 528 790 diaconi
559 721 617 812 qui
650 721 898 792 administrent
929 722 1160 813 baptismum,
1195 728 1230 791 et
1257 721 1503 792 eucharistiam

156 835 309 916 tantum;
335 850 401 898 nec
425 847 574 918 semper,
594 827 665 914 sed,
684 847 765 898 cum
782 829 853 898 sint
866 829 1017 899 ministri
1030 829 1298 900 extraordinarii
1315 837 1350 898 et
1365 832 1504 920 presby-

156 941 313 1006 terorum
338 935 435 1006 vices
457 937 641 1024 suppleant
668 935 784 1024 (Prot,
800 935 888 1020 589,
903 958 938 1005 n.
954 937 1021 1024 10),
1040 937 1224 1006 dumtaxat
1239 937 1276 1005 in
1298 935 1505 1006 necessitate

157 1041 256 1132 gravi
276 1043 337 1128 (1),
356 1041 449 1112 et'de
466 1041 630 1112 mandato
646 1042 929 1130 presbyterorum
949 1044 993 1130 (1)
1012 1043 1136 1112 saltem
1153 1041 1421 1132 interpretativo
1440 1043 1500 1130 (5)

156 1155 194 1219 at
217 1150 255 1218 in
279 1156 438 1219 extrema
463 1148 671 1219 necessitate
694 1149 777 1218 licet
801 1171 841 1220 ea
865 1151 1064 1220 ministrare
1088 1151 1194 1220 etiam
1219 1152 1273 1221 his
1296 1151 1429 1239 invitis,
1455 1173 1501 1221 ex

156 1255 427 1347 interpretativo
451 1257 617 1326 mandato
645 1255 815 1346 Episcopi,
848 1257 904 1327 vel
936 1259 1109 1328 Ecclesiae
1129 1259 1187 1348 (l).
1221 1260 1499 1328 Iorudictiouis:

158 1363 305 1450 scilicet,
331 1368 371 1430 ut
394 1362 480 1447 dixi,
507 1385 551 1433 ne
582 1363 664 1435 ordo
700 1363 744 1434 ab
778 1363 930 1434 Ecclesia
962 1365 1173 1434 constitutus
1201 1367 1434 1456 perturbetur.
1460 1369 1504 1434 Et

157 1469 193 1540 in
204 1475 424 1539 sacramento
437 1469 673 1558 poenitentiae
685 1470 772 1540 haec
785 1472 981 1540 necessaria
993 1477 1058 1558 est,
1076 1475 1116 1540 ut
1131 1477 1389 1541 sacramentum
1399 1471 1502 1562 (quod

156 1577 336 1648 adinstar
367 1575 484 1645 iudicii
519 1576 749 1666 ministratur)
776 1577 907 1664 valide,
938 1580 974 1647 in
1006 1578 1132 1648 ceteris
1161 1583 1201 1648 ut
1228 1579 1321 1647 licite
1351 1579 1503 1647 conferri

157 1683 302 1773 possint;
329 1689 475 1773 excepta
500 1683 709 1753 eucharistia
725 1705 813 1775 quae
830 1685 974 1770 nullam,
992 1684 1207 1773 regulariter,
1225 1683 1500 1754 iurisdictionem

155 1789 279 1879 exigit
306 1791 364 1860 sed
388 1789 430 1858 de
454 1790 520 1859 hoc
544 1810 605 1858 suo
629 1792 715 1860 loco.
753 1790 832 1860 Sine
857 1789 988 1860 ordinis
1016 1795 1188 1879 potestate
1219 1790 1353 1860 nullum
1388 1809 1501 1858 sacra-

157 1901 318 1971 mentum
342 1896 449 1981 valet,
475 1881 621 1983 excepto
645 1896 828 1986 baptismo;
854 1903 989 1982 contra,
1008 1895 1083 1966 sine
1099 1901 1269 1986 potestate
1292 1893 1500 1964 iurisdictio-

154 2002 222 2088 nis,
248 2009 393 2092 excepta
419 2001 646 2092 poenitentia,
665 2003 785 2073 valent
807 2003 937 2072 omnia.
965 2003 1103 2098 Atqui,
1128 2001 1402 2073 iurisdictionem
1428 2021 1500 2070 non

157 2108 302 2193 habens,
340 2108 414 2178 sine
445 2109 611 2178 mandato
639 2109 762 2177 saltem
793 2115 1014 2198 praesumpto
1045 2115 1106 2178 aut
1133 2107 1417 2198 interpretativo,
1449 2129 1501 2177 sa-

156 2221 378 2283 cramentum
402 2214 541 2306 aliquod
565 2214 799 2300 administrat,
825 2221 865 2282 ut
887 2236 969 2284 ecce
994 2216 1022 2285 si
1046 2215 1232 2306 Episcopus
1265 2219 1366 2284 extra
1401 2235 1501 2284 suam

154 2319 341 2389 dioecesim
366 2319 563 2406 confirmet,
589 2320 739 2406 ordinet,
766 2321 823 2390 vel
847 2341 918 2390 non
943 2322 1114 2411 parochus
1136 2319 1298 2410 baptizet,
1325 2325 1361 2388 E.
1382 2322 1420 2389 U.
1439 2326 1502 2390 eut

155 2425 327 2498 viaticum
351 2425 525 2518 praebeat,
563 2427 656 2497 letali
680 2449 752 2496 nou
776 2435 899 2497 carent
917 2429 977 2516 (5).
1006 2427 1181 2517 Amplius:
1209 2425 1370 2514 lleligiosi
1403 2447 1499 2516 prae-

154 2543 336 2628 sumentes
360 2535 559 2604 ministrare
586 2541 620 2604 E.
648 2538 686 2603 U.
713 2538 775 2604 aut
798 2533 968 2604 viaticum
992 2534 1126 2605 clericis
1154 2541 1215 2602 aut
1244 2533 1341 2602 lalcis
1371 2535 1500 2625 absque

155 2642 298 2731 parochi
321 2641 476 2728 licentia,
502 2647 603 2712 extre
627 2661 747 2712 casum
763 2640 994 2726 necessitatis,
1013 2640 1197 2710 incurrunt
1212 2643 1386 2710 excomm.
1406 2646 1445 2710 ll.
1462 2645 1498 2710 P.

156 2753 373 2819 reservatam
392 2749 451 2836 (6).

218 2855 295 2924 155.
322 2855 452 2923 Deinde
477 2853 637 2924 minister
666 2873 789 2922 curare
818 2851 921 2921 debet
944 2858 984 2920 ut
1007 2850 1121 2920 valide
1145 2857 1180 2920 et
1210 2850 1304 2921 licite
1338 2851 1501 2920 conficiat

3 2935 5 2962 ³
95 2971 98 2980 '
155 2968 388 3032 sacramenta.
416 2963 553 3044 Volide,·
579 2961 654 3030 ideo
679 2980 821 3030 necesse
845 2967 961 3028 estut
985 2955 1501 3028 intentionemadministrandi

154 3071 281 3139 saltem
304 3072 495 3142 cantualem
518 3070 644 3138 habeat
662 3069 722 3157 (7),
749 3089 875 3156 nempe
892 3067 1068 3136 internam
1088 3069 1119 3154 (§
1132 3067 1224 3154 259).
1242 3065 1328 3135 Dein
1344 3065 1500 3154 animad-

219 3369 266 3450 (1)
288 3372 320 3430 S.
346 3369 457 3446 Alpa„
481 3367 709 3440 v1‚1lo,2as.
744 3369 801 3429 Ut·
915 3367 961 3448 (6)
982 3369 1021 3428 V.
1046 3367 1147 3438 Prot,
1166 3367 1268 3444 5391,
1287 3387 1316 3426 n.
1336 3369 1383 3427 14.
1409 3369 1496 3428 Reii-

157 3455 244 3528 puta,
267 3453 298 3509 si
319 3452 409 3509 adsit
427 3450 605 3508 multitudo
628 3451 814 3526 baptizae.
854 3450 960 3523 pieros
991 3449 1048 3506 hoc
1080 3447 1147 3506 loco
1181 3449 1322 3524 accipere
1356 3450 1499 3508 debemus

157 3531 289 3600 dorum,
311 3539 373 3590 aut
391 3532 421 3589 si
438 3530 603 3606 parochus
626 3531 670 3588 sit
691 3533 801 3606 provi·
855 3547 906 3588 eos
927 3528 980 3604 qui
994 3527 1158 3586 solemnia
1179 3532 1253 3587 vote
1276 3529 1380 3598 edunt,
1397 3533 1432 3586 ut
1447 3545 1499 3586 an-

157 3619 207 3671 ter
223 3613 400 3688 infirmum
415 3613 466 3669 oet
480 3612 800 3680 cecornmuoieatus,
853 3613 906 3668 tea
926 3609 1053 3690 (Clam,
1077 3607 1102 3677 1,
1126 3608 1172 3666 Dc
1194 3609 1340 3686 Prioil.);
1364 3608 1498 3668 clericos

159 3691 210 3752 vel
232 3691 319 3749 alios
340 3699 517 3766 occupatus
539 3692 783 3764 confessiorem-u
854 3694 971 3758 autem,
996 3693 1028 3747 et
1046 3688 1144 3746 laicos
1160 3705 1211 3746 eos
1226 3687 1278 3762 qui
1292 3688 1497 3764 Regulerium

158 3772 369 3848 excipiendis
393 3771 441 3850 (S.
466 3770 578 3848 Alph.,
597 3769 667 3848 116)
683 3771 733 3828 vel
748 3709 801 3828 ordi
854 3769 1063 3845 appellatione
1084 3773 1117 3826 et
1138 3769 1206 3826 iure
1227 3768 1354 3827 minime
1375 3785 1499 3826 censen-

157 3854 203 3912 εἰ(
215 3851 336 3930 (Groix,
354 3851 408 3920 Vl,
427 3850 454 3920 l,
473 3849 557 3928 276).
854 3853 907 3907 tur
927 3848 1003 3928 (la,
1018 3849 1037 3923 §
1053 3847 1135 3926 105);
1151 3847 1293 3922 quamvis
1309 3849 1339 3905 in
1356 3847 1419 3905 suis
1435 3865 1497 3906 mo-

219 3929 265 4010 (2)
286 3931 320 3993 Ο.
347 3931 527 4001 Diaconor,
560 3931 607 4001 13,
641 3931 723 3989 Dist.
745 3929 798 3989 93.
854 3926 1498 4004 nasteriisdegantstudiorumtorte,edu·

157 4011 242 4078 Quod
266 4011 355 4070 hodie
376 4013 414 4070 ab
434 4029 469 4069 eo
489 4012 588 4070 solum
603 4011 671 4069 dari
686 4014 799 4086 potest,
854 4007 998 4076 cationis,
1015 4017 1070 4066 eut
1084 4007 1274 4066 valetudinis
1289 4025 1381 4065 causa
1395 4006 1443 4088 (S.
1461 4008 1509 4068 G..

156 4093 245 4151 cuius
256 4095 305 4151 est
315 4092 391 4149 haec
402 4094 597 4149 sacramente
606 4090 798 4149 ministrare.
853 4091 923 4165 Ep,
939 4087 977 4148 21
994 4087 1059 4146 Iun.
1079 4085 1182 4166 1848).
1199 4087 1385 4146 Licentiam
1408 4105 1494 4157 vero,

219 4169 266 4249 (3)
288 4171 388 4241 Prot,
412 4170 431 4245 ἓ
453 4167 522 4230 136.
548 4173 589 4230 Et
609 4169 802 4246 regulariter
854 4169 882 4228 si
902 4187 958 4226 uec
979 4167 1037 4237 eis,
1060 4187 1116 4226 uec
1132 4167 1277 4237 infirmis,
1295 4167 1403 4242 quibus
1420 4167 1497 4226 haec

158 4251 367 4326 praesumitur
389 4268 457 4309 oum
479 4253 568 4310 abest
589 4250 682 4324 isqui
697 4265 801 4308 sacre·
854 4249 1048 4318 ministrant,
1083 4249 1121 4306 ab
1151 4265 1187 4306 eo
1218 4248 1305 4305 cuius
1334 4252 1399 4316 est,
1425 4248 1498 4307 date

156 4336 300 4470 mergur}
309 4331 493 4390 ministrare
508 4330 664 4390 debuisset
679 4329 798 4409 (Suam,
854 4327 1110 4475 grecipgssp’nao„
1133 4327 1179 4386 De
1189 4325 1343 4396 Censor.,·
1356 4327 1442 4404 Disp.
1454 4326 1494 4399 11,

159 4411 263 4480 l).·‚
317 4455 324 4468 .
882 4427 910 4468 u.
982 4412 1149 4478 „etc..
1213 4421 1215 4424 ·

219 4489 265 4570 (l)
286 4411 319 4551 S).
344 4490 451 4566 Alpa,
476 4489 531 4560 VI,
546 4488 617 4548 236.
913 4485 1087 4567 (7)⁴Suac.,
1111 4405 1147 4547 li.
1167 4487 1216 4556 13,
1241 4487 1324 4548 Sect.
1343 4485 1373 4558 33
1391 4487 1423 4545 S.
1441 4485 1497 4545 Al-

217 4567 798 4652 (aurorem,1,DeP›·2·v.,3oo‚
854 4568 960 4644 phou„
983 4569 1037 4639 VI,
1067 4567 1115 4628 18.
1150 4567 1334 4628 Attentione
1355 4583 1428 4642 opus
1449 4571 1498 4624 est

161 4647 517 4721 14;Triu.‚v1‚n.,5.
854 4653 888 4708 ut
919 4655 1146 4710 sacramentum
1189 4649 1278 4707 licite
1320 4647 1499 4705 conteratur
