3530 5124
456 269 695 345 1111161161
719 269 927 316 sroxsxureos
950 270 988 316 oo
1013 271 1076 316 neu
1100 270 1195 316 rxrrrs
1428 251 1496 320 457

152 367 291 457 dulgere
316 370 495 460 coeperit).
525 375 565 438 ut
588 371 625 440 in
650 370 754 461 priori
778 390 860 440 casu
884 371 1001 440 dotem
1029 371 1138 466 (quasi
1163 376 1217 440 ret
1239 371 1395 442 traditae
1418 393 1494 462 pre·

19 463 21 470 '
151 473 254 560 tium)
288 475 374 564 petit
400 475 467 564 (8),
502 477 538 546 in
569 478 751 568 posteriori
783 482 887 564 banc,
923 480 979 548 vel
1018 478 1157 568 nuptias
1192 481 1356 567 (Panlt,
1376 487 1395 562 5
1413 481 1491 566 177,

152 599 188 646 n.
210 579 263 665 lt,
289 581 388 671 etc).
419 581 494 650 Dixi
518 585 618 672 culpa
643 583 724 670 viri,
750 583 830 674 quia
854 583 882 653 si
906 584 1001 654 nulla
1026 583 1100 654 eius
1122 585 1222 673 culpa
1246 584 1491 674 intervenerit,

149 683 370 774 extinguitur
386 687 547 776 obligatio
563 689 657 778 (Par.
677 695 734 774 ll.,
754 697 772 772 5
790 691 867 775 151,
887 711 923 758 n.
942 691 990 778 t),
1009 696 1045 758 et
1061 711 1126 760 nec
1150 689 1211 760 dos
1234 689 1416 761 debebitur
1435 692 1493 780 (9)

150 789 284 860 scilicet
298 793 389 883 quod
413 794 504 864 ultro
521 795 677 887 citroque
691 816 758 884 pro
775 796 1027 886 restipulatur,
1047 801 1108 865 aut
1123 797 1351 887 promittitur,
1370 802 1494 866 neutri-

152 901 312 965 montem
337 905 389 967 est
408 901 500 988 (16);
527 901 618 970 aliud
643 908 762 970 autem
786 901 944 992 proelio,
962 901 1077 972 invito
1103 902 1269 989 debitore,
1295 902 1495 994 extorqueri

153 1023 224 1073 non
248 1011 373 1093 potest,
392 1013 475 1096 puta
499 1009 525 1076 si
552 1007 691 1098 nuptias
715 1009 874 1097 promisit
889 1008 1052 1097 deceptus
1069 1029 1185 1078 errore
1202 1028 1277 1095 suo,
1298 1031 1328 1078 e.
1348 1029 1395 1097 g.,
1414 1009 1495 1100 quia

153 1111 335 1181 mulierem
361 1113 447 1182 falso
470 1111 646 1203 virginem
670 1111 807 1202 putavit
826 1113 907 1202 (11).

213 1219 288 1288 ott.
318 1225 436 1291 Restat
461 1227 498 1288 ut
522 1219 704 1290 videamus
726 1219 809 1311 quid
833 1218 918 1289 iuris
941 1219 986 1289 sit
1009 1220 1037 1290 si
1063 1221 1130 1307 vir,
1156 1221 1323 1292 simulata
1347 1219 1494 1312 promis-

151 1323 250 1396 sione
274 1327 502 1413 matrimonii,
529 1349 603 1396 rem
626 1326 784 1397 extorsit.
813 1333 854 1396 ut
876 1327 1047 1418 siquidem
1072 1328 1198 1397 mulier
1231 1327 1494 1397 simulationem

153 1433 415 1520 animadvertit,
442 1434 583 1524 perinde
608 1433 685 1518 erit,
711 1454 752 1503 ac
776 1433 804 1504 si
828 1440 951 1522 sponte
975 1433 1097 1503 lecerit
1120 1434 1256 1524 copiam
1280 1434 1333 1504 sui
1350 1435 1433 1523 (lt).
1462 1429 1495 1501 si

153 1560 220 1608 nec
243 1540 504 1626 animadvertit,
531 1562 596 1610 nec
621 1539 722 1609 lacile
746 1545 882 1630 poterat
897 1539 1189 1626 animadvertere,
1207 1537 1493 1609 communissima

152 1647 328 1718 sententia
352 1653 416 1735 est,
442 1648 559 1717 virum
583 1646 658 1736 cogi
683 1667 761 1716 eam
785 1645 923 1731 ducere,
948 1645 1029 1737 quia
1053 1644 1090 1714 in
1114 1649 1297 1715 contractu
1314 1645 1356 1714 do
1381 1653 1420 1712 ut
1436 1642 1495 1731 fa·

152 1757 236 1839 cios,
262 1774 343 1823 eum
367 1774 458 1823 unus
481 1753 625 1838 dederit,
651 1753 751 1836 alter,
778 1750 844 1820 nisi
875 1749 1031 1820 vicissim
1059 1749 1230 1836 iaciendo,
1266 1771 1337 1820 non
1372 1747 1494 1818 libera·

151 1863 210 1927 tur
229 1860 309 1948 (15).
338 1863 381 1928 bt
403 1859 430 1928 si
456 1881 527 1928 non
551 1858 803 1928 animadvertit
817 1857 971 1948 quidem,
990 1855 1049 1926 sed
1066 1855 1165 1925 facile
1182 1861 1321 1946 poterat
1339 1853 1494 1924 animad-

153 1973 303 2052 vertere,
330 1965 459 2051 Nostri,
484 1971 569 2056 quio
590 1969 777 2054 praesumi
795 1965 1024 2052 probabiliter
1044 1971 1152 2051 potest
1170 1963 1262 2053 quod
1276 1979 1406 2050 sponsa
1422 1981 1495 2029 noo

152 2071 263 2161 fuerit
286 2075 438 2162 decepta,
463 2075 522 2142 sed
545 2073 659 2160 decipi
679 2093 715 2140 se
729 2071 874 2160 finxerit
892 2071 975 2159 (11),
1002 2072 1074 2138 tere
1095 2089 1217 2140 omnes
1233 2070 1361 2140 docent
1377 2067 1494 2136 virum

152 2197 225 2246 non
249 2177 323 2266 cogi
348 2197 426 2246 eam
449 2176 587 2244 ducere:
614 2181 716 2266 atque
741 2173 818 2242 ideo
842 2193 919 2258 nec,
946 2171 1076 2258 verius,
1102 2173 1221 2242 dotare
1243 2173 1326 2261 (tbtz
1346 2193 1440 2262 ergo,
1465 2171 1494 2240 si
1523 2157 1527 2178 ¹

152 2288 319 2372 appareat
343 2280 525 2352 manifeste
549 2281 728 2370 deceptam
755 2279 872 2365 luisse,
898 2278 1087 2364 tenebitur,
1113 2299 1238 2368 nempe
1262 2277 1290 2347 si
1314 2277 1370 2348 vir
1393 2277 1427 2346 id
1442 2276 1495 2345 in·

152 2389 300 2476 tellexit,
327 2391 383 2460 vel
408 2388 582 2458 dubitavit
605 2395 690 2456 tunc
714 2407 795 2456 cum
819 2409 893 2457 rem
917 2386 1076 2472 extorsit,
1094 2385 1174 2478 quia
1198 2386 1275 2456 dolo
1300 2407 1371 2456 non
1396 2389 1492 2456 caret

151 2497 211 2589 qui
236 2496 378 2569 alterius
402 2496 624 2586 simplicitate
648 2495 819 2565 adsuum
844 2494 979 2563 lucrum
1005 2492 1160 2564 abutitur
1186 2495 1268 2583 (16).

228 2774 260 2852 8)
281 2777 410 2848 Sanch.,
433 2775 459 2846 1,
485 2776 534 2848 10,
560 2775 609 2836 15.
852 2775 930 2844 ideo,
953 2773 980 2833 si
1003 2775 1116 2835 mulier
1137 2795 1196 2834 non
1211 2775 1378 2853 ignoravit
1394 2774 1493 2834 filium

228 2855 261 2931 9)
284 2855 412 2928 Sanch.,
438 2857 458 2916 l.
484 2876 511 2915 c.
852 2854 966 2912 iniuste
999 2855 1194 2930 promittere,
1228 2857 1381 2924 secunda;
1414 2855 1495 2914 alias

214 2931 281 3014 (10)
302 2935 429 3006 Sauch.,
455 2937 475 2993 l.
493 2954 535 3004 c.;
558 2937 591 2995 S.
611 2935 719 3011 Alph.,
737 2934 794 3007 Ill,
851 2934 952 3010 prime
973 2935 1129 2994 sententia
1151 2937 1276 2994 videtur
1297 2935 1411 2993 verior.

217 3058 225 3074 .
910 3011 975 3093 (12)
998 3014 1029 3072 S.
1049 3015 1156 3091 Alph.,
1174 3014 1231 3085 ΙΙΙ,
1253 3015 1323 3074 643.
1347 3014 1490 3089 Ideoque,

214 3091 281 3172 (11)
301 3094 401 3164 Lesa,
419 3094 460 3164 ΙΙ,
486 3094 534 3166 10,
559 3095 610 3167 29;
634 3095 667 3155 S.
682 3095 792 3172 Alph.,
851 3095 968 3160 verius,
992 3094 1044 3152 vir
1064 3111 1120 3152 nec
1134 3097 1229 3166 ducit,
1247 3111 1302 3152 nec
1316 3095 1404 3154 dotat
1417 3093 1492 3173 (Lu
1607 3135 1610 3143 .

155 3171 212 3246 ΙΙΙ,
233 3173 303 3233 646.
327 3173 384 3233 Sed
414 3181 522 3235 contra
550 3177 636 3252 Lugo
667 3176 731 3256 (nn.
744 3174 794 3246 24,
852 3191 901 3250 go,
925 3173 997 3246 ΧΙΙ,
1026 3174 1078 3244 30;
1102 3175 1134 3234 S.
1160 3175 1268 3251 Alph.,
1295 3174 1315 3232 l.
1333 3192 1374 3241 c.,
1396 3173 1424 3232 d.
1449 3171 1492 3250 3).

154 3251 207 3332 25)
221 3254 291 3312 heic
305 3254 422 3328 aliquid
438 3255 568 3314 dandum
583 3259 685 3332 putet,
708 3255 796 3331 quasi
911 3252 977 3332 (13)
990 3253 1119 3324 Sanco..
1138 3254 1166 3328 l,
1185 3253 1233 3325 10,
1249 3256 1281 3324 33
1305 3255 1402 3329 hugo,
1419 3253 1491 3322 ΧΙΙ,

154 3335 289 3410 pretium
312 3336 362 3394 ret
383 3342 552 3410 acceptae:
575 3344 607 3394 et
639 3335 720 3394 forte
748 3340 796 3396 est
853 3331 900 3403 19,
918 3335 970 3408 qui
982 3335 1061 3392 banc
1072 3335 1259 3394 sententiam
1274 3335 1495 3401 verissimam

154 3415 272 3473 verius.
287 3415 353 3474 Nec
364 3415 450 3474 dicas
461 3415 628 3491 pudicitiae
641 3415 796 3476 infinitam
852 3415 884 3474 S.
909 3413 1017 3490 Alph.,
1041 3413 1097 3484 Ill,
1120 3415 1190 3486 642,
1214 3415 1267 3490 qui
1288 3415 1424 3472 omuino
1453 3421 1495 3473 te·

154 3493 418 3565 aestimationem,
450 3498 543 3570 atque
575 3494 642 3552 ideo
677 3496 796 3556 nullam
852 3495 1001 3552 cendam
1023 3497 1075 3569 put
1097 3499 1122 3555 t.

156 3573 400 3645 restitutionem,
425 3593 509 3634 esse:
533 3573 797 3650 neminpromis·
911 3571 976 3654 (14)
1002 3574 1039 3632 Ι).
1063 3575 1135 3644 Th..
1159 3577 1187 3646 4,
1221 3574 1301 3634 Dist.
1332 3574 1384 3645 28,
1407 3590 1437 3647 q.
1464 3572 1492 3644 1,

155 3651 240 3712 sione
263 3671 436 3726 versamur,
460 3659 491 3714 et
513 3654 651 3729 iniquum
675 3655 798 3716 videtur
851 3655 923 3713 Art.
939 3653 969 3724 2,
992 3655 1030 3714 ad
1052 3656 1088 3712 4:
1105 3655 1182 3730 quod
1198 3654 1328 3714 totidem
1345 3653 1409 3711 fere
1426 3669 1494 3711 ver-

156 3734 240 3791 omni
254 3751 379 3809 prorsus
394 3735 586 3809 obligatione
603 3733 705 3792 virum
721 3735 796 3795 libe-
851 3734 899 3792 bis
919 3733 1036 3810 repetit
1056 3731 1144 3794 Less.
1167 3733 1222 3811 (II,
1248 3732 1296 3806 10,
1319 3730 1382 3809 24).
1407 3732 1493 3802 Sive,

154 3811 233 3882 rari,
257 3813 330 3887 quia
351 3829 458 3872 errore
481 3833 534 3873 suo
556 3814 689 3890 seipsum
711 3815 797 3875 dece·
852 3815 898 3874 uti
920 3813 966 3872 ait
994 3813 1120 3885 Sancb.,
1143 3815 1216 3888 quia
1231 3815 1361 3872 videtur
1375 3812 1494 3886 fraudi

156 3889 213 3968 pit.
238 3893 383 3954 Ceterum
406 3895 433 3952 si
461 3894 575 3953 mulier
603 3894 715 3952 exinde
745 3895 797 3952 da·
852 3893 1222 3973 consensissetsancb„
1246 3894 1271 3964 I,
1303 3892 1352 3965 10,
1380 3889 1424 3969 7).
1448 3890 1495 3950 Id·
1535 3917 1537 3924 ·

155 3973 383 4050 mnumcoepit,
397 3993 424 4030 v.
441 3993 482 4048 c.,
495 3973 567 4049 quia
590 3977 691 4032 mater
714 3972 799 4034 facta
851 3991 910 4048 que
931 3971 999 4030 fieri
1023 3979 1144 4048 potent,
1168 3975 1196 4032 si
1217 3973 1268 4032 vir
1290 3978 1344 4031 aut
1363 3972 1494 4031 multum

155 4057 216 4121 est,
240 4052 298 4111 boe
318 4053 513 4113 sarciendum
534 4071 601 4113 esse
623 4052 655 4113 S.
680 4071 798 4129 quoque
852 4052 1057 4112 conditionem
1089 4052 1230 4112 mulieris
1263 4051 1386 4112 excedit
1424 4051 1494 4129 (nec

157 4129 251 4207 Alph.
275 4133 363 4193 docet
384 4132 421 4212 (l.
439 4134 494 4212 c.).
520 4135 578 4194 Sed
600 4139 705 4193 utrum
725 4134 799 4192 dan·
852 4133 911 4191 ille
932 4130 1152 4212 ignoraverit);
1175 4137 1229 4214 aut
1250 4131 1426 4208 aequivoce,
1444 4130 1495 4190 vel

156 4210 227 4268 dum
249 4211 302 4284 sit,
326 4213 354 4272 si
374 4219 518 4290 parentes
533 4213 732 4272 matrimonio
748 4216 798 4272 iu·
853 4211 1065 4271 inconstanter
1087 4212 1229 4288 loquutus
1250 4217 1298 4272 est
1317 4209 1430 4292 (Lug0,
1446 4210 1493 4270 De

156 4298 203 4350 ste
224 4293 439 4365 adversentur,
463 4311 517 4354 ceu
532 4299 642 4370 putant
656 4293 796 4352 Navarr.
853 4289 950 4360 lust,
972 4290 1043 4362 XII,
1066 4290 1118 4364 213
1142 4293 1174 4352 S.
1198 4292 1306 4367 Alph.,
1330 4290 1387 4362 III,
1409 4289 1492 4369 643).

155 4373 188 4430 et
210 4371 316 4450 Sylr.;
339 4391 378 4430 an
400 4377 513 4446 minus,
545 4391 600 4432 eeu
628 4373 743 4433 Sauob.
767 4377 799 4433 et
912 4368 978 4451 (15)
1000 4371 1097 4449 hugo,
1115 4390 1145 4431 n.
1162 4372 1213 4444 30;
1236 4373 1269 4431 S.
1287 4371 1395 4448 Alph.,
1410 4373 1431 4430 l.
1449 4388 1491 4443 c.‚

157 4451 265 4529 Lugol
285 4449 337 4532 (V.
356 4453 388 4512 S.
413 4455 521 4531 Alph.,
544 4453 601 4524 ΙΙΙ,
617 4451 700 4532 647).
718 4454 799 4514 Sene
853 4453 881 4511 d.
905 4453 934 4511 3.

159 4532 185 4590 si
208 4535 352 4609 parentes
375 4536 459 4594 iuste
480 4536 701 4604 adversantur,
724 4551 799 4610 ergo
911 4528 978 4614 (16)
992 4531 1040 4591 Ex
1055 4529 1092 4590 L.
1108 4531 1138 4603 7,
1163 4531 1208 4591 De
1225 4531 1369 4594 condiet.
1388 4549 1492 4592 causo

158 4611 242 4671 tilius
264 4613 379 4674 iniuste
400 4614 556 4692 promisit,
574 4613 655 4676 idest
670 4613 796 4675 illicite:
853 4613 945 4684 docte
966 4614 1003 4674 L.
1025 4613 1076 4684 44,
1100 4612 1146 4674 De
1176 4610 1272 4674 F-urt.
1304 4613 1388 4674 idem
1417 4611 1496 4672 iuris

152 3013 213 3074 647
