3594 5122
395 304 498 352 eaeor
523 305 544 350 r.
571 303 682 360 burnus
705 305 919 351 saonnuearr
942 305 972 350 s.
999 305 1030 349 r.
1057 303 1289 352 renrrcmaron
1449 281 1516 351 stt

171 414 290 478 autem
313 413 482 477 extranea
507 405 543 476 in
570 403 696 477 minori
719 405 915 498 quantitate
939 405 1044 476 inerit
1067 406 1236 492 admixta,
1255 413 1516 477 sacramentum

172 515 280 600 valet,
297 513 486 583 dummodo
510 513 595 584 baec
620 533 685 582 nec
708 512 851 582 alterius
874 509 1024 601 speciem
1049 515 1162 582 solvat
1177 513 1238 602 (6),
1264 513 1355 603 quod
1373 512 1515 602 planum

172 625 241 705 est;
278 639 356 706 nec,
394 624 434 686 ut
456 617 624 704 arbitror,
650 637 752 688 usum
776 618 944 708 depravet
962 619 1022 707 (6),
1049 639 1131 688 nam
1155 618 1184 687 si
1207 618 1375 707 depravet
1399 637 1514 704 usum,

173 723 318 794 ubinam
341 727 509 812 sipnom?

218 831 295 899 tat.
310 835 382 898 lloe
393 827 544 918 primum
556 857 563 899 ε
577 837 753 920 praeterea
763 830 791 900 si
805 829 951 899 materia
965 828 1010 898 sit
1021 849 1132 919 capax
1144 825 1406 912 benedictionis
1422 826 1517 916 prius

173 935 408 1008 benedicenda
427 944 491 1022 est,
506 943 545 1004 ut
560 943 820 1006 sacramentum
836 937 952 1006 valere
969 935 1075 1026 poseit
1089 937 1155 1024 (7);
1174 935 1329 1024 exceptis
1345 933 1516 1024 baptismo

172 1047 210 1112 et
242 1041 474 1132 eucharistia,
510 1043 589 1134 quia
624 1044 770 1132 ipsemet
792 1043 947 1114 Christus
973 1040 1138 1112 Dominus
1162 1063 1304 1112 omnem
1328 1062 1454 1132 aquam
1479 1040 1515 1140 in
1569 1054 1572 1066 ·

173 1171 276 1220 usum
299 1147 475 1240 baptismi,
500 1169 711 1241 omnemque
735 1171 861 1240 panem
885 1156 921 1219 et
944 1149 1068 1220 vinum
1092 1151 1128 1219 in
1152 1149 1381 1220 eucharistiae
1398 1169 1514 1235 usum,

172 1262 258 1327 tunc
282 1257 523 1342 consecravit,
549 1277 630 1326 cum
655 1257 691 1326 in
716 1258 861 1327 lordane
883 1255 1078 1347 baptizatus
1101 1257 1177 1344 tuit,
1203 1262 1342 1326 etcum
1366 1256 1452 1324 baec
1478 1253 1515 1324 in

172 1360 296 1432 ultime
320 1381 429 1432 coena
453 1367 721 1432 consecraturus
744 1361 922 1432 benedixit
940 1363 1000 1450 (8).
1028 1367 1071 1432 Et
1093 1363 1265 1453 aproprio
1283 1362 1443 1432 ministro
1463 1364 1518 1430 est

173 1466 411 1538 benedicenda
428 1468 494 1556 (0),
521 1474 557 1536 et
579 1487 808 1560 unaquaeque
831 1487 895 1537 suo
918 1469 1005 1536 ritu:
1032 1468 1258 1540 nibilominus
1274 1469 1302 1538 si
1319 1467 1428 1537 utaris
1445 1487 1517 1536 ma·

174 1573 259 1643 teria
284 1573 466 1644 benedicta
489 1595 509 1644 a
534 1571 706 1659 ministro,
732 1573 868 1664 proprio
892 1574 1045 1666 quidem,
1063 1573 1121 1644 sed
1146 1574 1212 1644 alio
1236 1572 1305 1643 ritu
1325 1573 1425 1662 (idest
1450 1571 1518 1641 alia

174 1679 450 1766 benedictione),
477 1687 735 1748 sacramentum
761 1681 877 1750 valere
901 1679 1020 1750 multis
1043 1679 1218 1770 probabile
1243 1683 1296 1748 est
1321 1680 1403 1768 (10).

651 1943 732 2010 bor.
760 1947 799 2010 ΙΙ.
835 1945 883 2010 De
907 1945 1050 2012 Forma.

235 2119 312 2187 aab.
340 2123 462 2186 Forma
487 2115 591 2205 igitur
615 2123 697 2185 sunt
714 2117 819 2187 verba
836 2117 960 2208 quibus
975 2115 1020 2202 id,
1038 2116 1129 2207 quod
1145 2117 1291 2186 materia
1308 2115 1518 2186 subobscure

173 2225 404 2310 demonstrat,
429 2225 583 2312 apertius
606 2224 832 2316 significatur.
860 2231 902 2293 Et
925 2224 1001 2293 ideo
1025 2231 1163 2294 constat
1186 2224 1302 2294 verbis
1327 2227 1411 2313 (uon
1436 2222 1513 2294 lite-

175 2325 234 2412 ris,
253 2327 407 2416 nutibus,
425 2328 564 2419 signistt
592 2349 662 2398 non
679 2325 859 2418 quibusvis
874 2326 1031 2417 inquam,
1049 2325 1110 2397 sed
1125 2326 1178 2395 bis
1193 2326 1316 2417 quibus
1332 2347 1376 2395 ex
1393 2325 1519 2396 Christi

174 2431 394 2504 institutione
417 2436 529 2504 utitur
555 2433 716 2503 Ecclesia.
742 2431 865 2502 Omnis
889 2431 994 2521 igitur
1018 2431 1072 2502 vis
1095 2433 1228 2501 ior-mae
1252 2431 1460 2502 aestimatur
1474 2451 1520 2500 ex

236 2671 281 2750 (5)
298 2673 341 2732 ΙΙ.
360 2671 396 2730 D.
413 2673 490 2744 Tb,
505 2671 561 2743 ΙΙΙ,
578 2671 628 2741 66,
639 2674 668 2730 4.
685 2672 727 2731 Ut
738 2687 819 2741 ecee,

175 2753 203 2813 si
225 2759 459 2811 consecraturos
479 2751 554 2810 vino
568 2751 712 2810 debiliori
724 2766 821 2824 aquae

173 2831 279 2908 paullo
310 2831 459 2892 minorem
490 2831 700 2908 quantitatem
723 2830 822 2889 infun-

173 2913 245 2982 das3
268 2911 331 2980 vel,
354 2918 473 2982 eontra,
488 2913 701 2986 baptizaturus
723 2909 824 2968 iniun-

174 2989 229 3050 das
250 3007 347 3065 aquae
368 2992 447 3050 meri
469 2990 823 3068 potentiorisquantita·

174 3074 239 3129 tem
261 3069 365 3144 paullo
388 3071 548 3132 minorem.

235 3147 282 3229 (6)
302 3149 349 3208 Ex
370 3147 468 3224 Lugo,
492 3151 538 3210 De
560 3149 683 3219 Euat„
705 3149 760 3221 IV,
782 3151 821 3220 43

174 3229 287 3298 Oroix,
318 3229 376 3300 VI,
402 3229 429 3300 l,
453 3230 522 3291 261.
554 3231 654 3302 Idest,
685 3232 756 3288 dum
785 3247 822 3288 ne

173 3309 341 3368 materiam
368 3327 421 3367 suo
449 3311 516 3369 usui
545 3312 642 3370 saciat
664 3311 821 3387 ineptam;

161 3392 208 3447 ‘ut
230 3405 299 3448 ecce
319 3407 397 3463 quae
411 3407 449 3448 ex
463 3407 543 3466 aqua
563 3389 641 3450 iacit
661 3395 822 3449 atramen-

173 3476 253 3527 tum.
265 3468 345 3528 Sane
360 3487 519 3546 perperam
533 3475 732 3531 cousecratur
743 3485 831 3550 mas,

173 3565 209 3606 sa
231 3547 318 3624 panis
339 3550 451 3620 eruda3
476 3569 540 3621 cur,
564 3550 625 3610 uisi
647 3550 730 3624 quia,
748 3549 824 3609 lieet

175 3627 262 3686 erudi
284 3628 424 3702 coctique
444 3632 549 3690 eadem
565 3633 678 3688 natura
693 3629 747 3699 sit,
764 3645 823 3686 non

175 3707 256 3764 idem
277 3711 380 3765 tamen
396 3713 444 3768 est
459 3711 548 3770 usust
564 3711 633 3769 Nisi
645 3709 738 3779 torte,
750 3709 823 3783 quia

174 3785 337 3844 minimum
360 3804 413 3862 pro
434 3789 534 3850 uibilo
555 3797 614 3860 est,
637 3805 688 3846 res
710 3790 746 3846 ad
769 3789 822 3846 bo·

174 3881 242 3924 ram
258 3867 423 3928 dumtaxat
443 3870 588 3929 amiserit
609 3885 710 3940 usum3
735 3873 822 3945 utpu-

123 3945 125 3958 '
174 3951 220 4016 ta,
239 3946 265 4004 si
279 3946 454 4022 baptizares
469 3967 548 4024 aqua
562 3965 701 4016 coenosa,
718 3965 821 4007 eonse-

174 4041 280 4084 crares
302 4026 408 4086 vinum
430 4029 501 4104 gelu
523 4033 698 4088 concretum
709 4027 756 4108 (S.
769 4028 823 4088 Al·

174 4106 280 4183 pbon.,
303 4105 358 4172 Vl.
384 4106 451 4179 105,
474 4109 511 4180 53
533 4109 605 4180 207,
629 4129 659 4184 q.
681 4106 724 4185 2).

233 4185 281 4264 (7)
302 4185 334 4245 S.
358 4187 466 4262 Alpa,
492 4189 544 4260 tl,
569 4189 639 4258 163,
654 4189 724 4248 700.
742 4189 819 4246 Pro·

173 4267 268 4325 batur
289 4267 431 4342 exemplo
451 4271 517 4327 tum
539 4269 672 4340 Christi,
695 4270 745 4343 qui
769 4283 820 4344 pa-

174 4362 244 4402 nem
266 4351 298 4406 et
314 4347 417 4405 vinum
434 4349 510 4421 quod
526 4347 722 4408 consecravit
737 4351 822 4425 prius

175 4425 353 4498 benedixit3
376 4431 442 4486 tum
464 4427 633 4499 Ecclesiae,
656 4445 734 4503 quae
749 4447 822 4486 nuo-

174 4519 266 4578 quam
281 4505 424 4566 meteriis
439 4525 497 4566 non
513 4507 681 4567 benedictis
692 4525 747 4568 usa
757 4512 820 4580 est;

173 4588 240 4642 tum
262 4585 395 4654 ratione,
412 4588 527 4646 etenim
544 4589 668 4647 videtur
680 4587 822 4646 inconve-

174 4664 339 4738 niens,nos
360 4665 411 4726 bis
430 4669 520 4726 rebus
540 4666 733 4728 sanctificari
747 4683 824 4742 quae

877 2667 1007 2725 nondum
1024 2667 1171 2741 profanae
1187 2668 1270 2744 ipsae
1284 2685 1351 2727 esse
1366 2667 1519 2728 desierint

876 2746 928 2827 (V.
945 2748 982 2805 D.
1006 2747 1078 2818 Tb,
1102 2746 1159 2818 ΙΙΙ,
1183 2748 1233 2820 72,
1256 2745 1299 2827 3).

936 2825 983 2905 (8)
994 2827 1030 2885 Ι).
1043 2828 1115 2899 Tb,
1129 2829 1183 2888 cit.
1197 2832 1269 2888 Art.
1279 2832 1309 2888 3.
1326 2829 1411 2888 Haec
1422 2827 1521 2904 igitur

876 2906 1017 2982 quaestio
1038 2908 1075 2966 ad
1097 2907 1197 2966 oleum
1219 2909 1411 2978 chrismatis,
1428 2915 1459 2968 et
1476 2908 1520 2968 in·

877 2987 1037 3045 firmorum
1058 2987 1223 3048 dumtaxat
1243 2988 1388 3065 pertinet.

936 3063 982 3145 (9)
1003 3065 1132 3140 haym,
1157 3068 1203 3128 De
1230 3069 1399 3145 Confirm„
1421 3067 1462 3140 ΙΙ,
1486 3067 1516 3128 2.
1607 3065 1610 3070 ’

878 3147 958 3207 Sane
986 3149 1144 3223 proposito
1167 3149 1272 3208 dubios
1295 3149 1351 3206 Aa
1378 3151 1415 3206 in
1436 3167 1517 3208 cosa

878 3229 1083 3285 necessitatis
1110 3227 1297 3298 Porocbos,
1319 3229 1363 3287 ad
1396 3228 1518 3300 validi·

878 3315 977 3364 tatem
985 3308 1194 3366 Sacramentt'
1201 3309 1381 3368 Extremae
1392 3309 1519 3368 Unctio-

878 3388 944 3454 πίε,
963 3390 1066 3462 possit
1085 3389 1137 3443 oti
1157 3389 1224 3446 oleo
1245 3407 1266 3447 a
1288 3407 1321 3448 ae
1342 3389 1519 3457 benedicto,

878 3467 910 3526 S.
935 3467 972 3526 U.
996 3466 1021 3526 Ι.
1038 3465 1086 3525 die
1109 3467 1146 3526 14
1168 3467 1322 3544 Septemb.
1349 3467 1517 3544 1842610-

877 3549 969 3606 beuta
984 3549 1076 3622 areg.
1090 3547 1175 3618 XVI,
1194 3548 1352 3624 respondit
1367 3549 1518 3624 sepetire

878 3627 921 3685 ad
935 3628 1078 3700 formam
1093 3627 1183 3686 Decr.
1202 3626 1240 3686 13
1254 3627 1319 3688 Ian.
1332 3627 1420 3687 1655.
1434 3627 1518 3693 Quod

876 3709 1064 3783 probaverat
1078 3707 1195 3766 Paulus
1209 3709 1248 3780 V;
1259 3709 1311 3783 qui
1327 3707 1518 3766 contrariam

878 3787 1064 3846 sententiam
1092 3787 1228 3863 explosit
1262 3787 1350 3862 quasi
1385 3795 1519 3846 temera·

877 3869 976 3934 riam,
992 3874 1023 3924 et
1039 3870 1143 3924 errori
1154 3870 1348 3942 promtmam
1368 3865 1474 3945 (Acta,
1490 3867 1514 3940 Ι,

878 3945 932 4018 41;
959 3947 997 4006 V.
1022 3948 1054 4004 S.
1079 3945 1187 4022 Alpb.‚
1211 3947 1265 4018 Vl,
1292 3947 1359 4018 163,
1382 3945 1465 4026 700).

935 4025 1001 4106 (10)
1023 4027 1148 4095 Suarez,
1171 4027 1314 4102 Heuriq.,
1338 4044 1387 4106 ap.
1412 4027 1445 4086 S.
1464 4027 1519 4087 Al·

876 4105 1158 4182 phon.,v1‚709,d.
1175 4107 1206 4178 2;
1223 4107 1348 4184 Laym.,
1363 4105 1514 4168 Deltae.

879 4186 986 4255 ert„
1001 4185 1042 4256 ΙΙ,
1058 4186 1088 4244 2.
1112 4187 1154 4247 Ut
1175 4205 1257 4257 ecce,
1280 4188 1307 4246 si
1330 4185 1397 4246 oleo
1412 4185 1518 4247 cathe-

877 4283 1072 4325 cumenorum
1094 4266 1255 4326 confirmes
1278 4265 1442 4338 infantem,
1467 4267 1519 4328 vel

876 4363 974 4420 ungas
985 4346 1152 4407 infirmum.
1165 4347 1257 4408 Aliud
1266 4351 1375 4424 putant
1386 4345 1519 4421 Bellen,

876 4425 1015 4496 Valent,
1040 4425 1123 4496 Pal..
1141 4433 1201 4486 ete.
1225 4425 1277 4564 (ΙΙ.
1296 4427 1406 4498 Salm.,
1430 4427 1461 4498 7,
1484 4426 1514 4500 2,

877 4505 979 4664 8;2ῗ.
1002 4505 1110 4582 Alpb.,
1142 4506 1197 4580 VI,
1246 4507 1296 4577 63,
1327 4507 1357 4566 0.
1380 4508 1418 4580 2;
1442 4507 1513 4581 700,
