3594 5122
411 283 514 328 curor
539 283 561 327 r.
587 279 697 336 oureus
721 279 934 333 sacrasacra
958 279 989 324 a.
1016 279 1046 324 r.
1074 274 1306 324 rcnsrcmsrun
1465 253 1525 321 etl

188 409 250 478 per
273 386 452 476 Apostolos
475 387 532 454 vel
556 381 764 468 Ecclesiam;
790 381 880 473 quod
904 382 948 452 de
970 364 1156 470 baptismo,
1173 375 1394 462 eucharistia,
1414 377 1530 466 poeni-

186 493 317 577 tentia,
342 491 481 576 ordlne,
507 497 542 559 et
566 487 791 558 matrimonio
814 509 919 557 nemo
943 507 1097 578 unquam
1124 484 1314 572 dubitavit,
1340 483 1383 552 de
1407 483 1530 553 contir-

188 597 342 668 matione
374 604 409 666 et
432 605 590 666 extrema
615 595 782 665 unctione
801 600 877 684 post
893 592 1135 664 Tridentinum
1152 611 1256 661 nemo
1272 589 1420 680 amplius
1435 589 1531 658 dubi-

188 711 253 774 tat.
281 711 323 774 Et
337 703 418 772 licet
434 703 589 774 nondum
607 701 741 770 deliniti
759 701 844 770 iuris
855 700 912 786 sit,
927 706 1046 768 utrum
1063 699 1227 770 materias
1244 695 1532 783 confirmationis,

186 817 369 880 extremae
405 808 581 887 unctionis
612 815 647 877 et
671 807 802 877 ordinis
825 807 972 894 ipsemet
1001 805 1155 875 Christus
1186 803 1473 874 determinaverit
1496 803 1532 870 in

188 917 303 1006 specie
338 898 663 1001 otomo'tiinlima),
697 935 741 984 an
777 936 818 984 ea
854 913 1027 982 Ecclesiae
1050 912 1314 980 determinanda
1341 908 1531 999 reliquerit,

189 1022 323 1092 definiti
351 1022 434 1090 iuris
449 1029 515 1106 est,
533 1023 576 1090 ab
595 1021 743 1090 Ecclesia
761 1021 889 1090 mutari
914 1041 985 1090 non
1004 1037 1101 1110 posse
1118 1020 1200 1106 (ΙΙ).
1222 1017 1337 1088 loturi
1355 1017 1396 1085 de
1421 1035 1533 1086 sacra-

193 1131 335 1214 mentis,
353 1128 576 1218 dispiciamus
601 1127 712 1216 primo
727 1147 816 1218 quae
840 1128 880 1197 ad
906 1132 1082 1210 naturam,
1100 1125 1224 1194 deinde
1248 1145 1335 1214 quae
1359 1123 1402 1191 ad
1425 1119 1534 1192 admi-

191 1234 436 1306 nistrationem
461 1255 582 1304 eorum
607 1236 794 1324 pertinent.

771 1487 906 1554 CAPUT
936 1490 960 1552 l.

488 1662 599 1720 puteus
622 1662 838 1708 sassenstein
862 1661 894 1706 N.
920 1661 951 1706 T.
980 1657 1224 1704 esnslclnnrun.

251 1797 327 1866 eol.
356 1798 618 1864 Sacramentum
644 1803 696 1864 est
711 1796 850 1883 signum
866 1793 1056 1864 condatum
1073 1815 1118 1862 ex
1134 1793 1280 1864 materia
1300 1790 1483 1881 (proxima)
1500 1795 1537 1858 et

190 1905 449 1974 formallerum
463 1902 606 1972 materia
621 1900 779 1992 proxima
793 1909 828 1970 et
842 1902 953 1970 torma
967 1921 1038 1970 non
1051 1905 1176 1968 extant
1188 1921 1231 1968 ex
1248 1919 1296 1984 se,
1316 1898 1374 1968 sed
1390 1896 1536 1966 actioni·

193 2013 258 2080 bus
275 2011 514 2096 continentur,
530 2009 654 2100 quibus
670 2031 714 2077 ex
731 2016 876 2098 utraque
893 2007 1078 2077 conficitur
1101 2007 1250 2096 signnm,
1264 2027 1324 2076 seu
1341 2025 1538 2074 sacramen-

195 2125 291 2206 tum,
317 2117 394 2186 ideo
418 2116 578 2185 ministro
602 2123 781 2206 praeterea
804 2121 969 2204 opusest,
987 2115 1101 2205 quiea
1118 2114 1297 2184 conficiat:
1317 2133 1383 2182 nee
1400 2119 1536 2181 utcum-

186 2247 287 2316 que,
319 2223 378 2294 sed
411 2245 490 2292 eum
522 2227 716 2292 intentione
746 2221 893 2292 laciendi
923 2220 1044 2290 saltem
1076 2223 1167 2314 quod
1190 2221 1275 2292 iacit
1299 2221 1449 2290 Ecclesia
1469 2223 1535 2310 (Ι);

199 2326 424 2420 quamobrem
459 2323 610 2394 intentio
644 2345 781 2416 quoque
804 2324 955 2393 ministri
980 2325 1235 2416 quodammodo
1259 2325 1301 2394 ad
1326 2322 1537 2392 sacramenti

190 2433 423 2501 substantiam
448 2430 600 2522 pertinet
619 2433 677 2518 (Ι).
705 2429 833 2500 Omnia
864 2431 970 2520 igitur
984 2441 1212 2500 sacrornento
1228 2451 1340 2500 novoe
1356 2431 1441 2519 lepis
1456 2429 1540 2529 duo·=

192 2539 257 2608 bus
287 2545 451 2608 constant
474 2539 535 2628 (5),
571 2545 606 2607 et
629 2537 739 2606 tritos
759 2539 1018 2628 perficiunt-ur:
1046 2538 1146 2606 rebos
1170 2547 1344 2628 tanquam
1369 2538 1535 2620 tractoria,

191 2645 305 2714 oerots
329 2653 502 2734 tanquam
526 2645 657 2732 formo,
687 2654 718 2712 et
739 2664 894 2732 persono
918 2647 1076 2712 ministri
1098 2641 1311 2730 conferentis
1333 2661 1538 2711 sacromen-

192 2759 268 2818 tum
291 2771 371 2819 com
394 2753 588 2818 intentione
611 2749 772 2837 faciendi
793 2751 884 2841 qood
908 2749 996 2838 facit
1025 2749 1186 2818 Ecclesia.
1218 2753 1375 2832 Quorum
1396 2747 1538 2836 proinde

190 2861 226 2926 si
248 2857 385 2948 ailquid
409 2858 506 2943 desit,
534 2879 606 2926 non
628 2858 814 2947 perficitor
836 2866 1101 2928 scorciarolum
1117 2857 1176 2946 (ll).
1207 2863 1329 2926 Deesse
1352 2860 1470 2923 autem
1486 2853 1538 2922 in·

191 3107 318 3186 (Ioco,
331 3107 388 3180 III,
405 3107 453 3186 4);
470 3108 705 3179 eucharistiam,
715 3126 774 3183 qus
787 3126 837 3166 no·
891 3108 977 3177 stoli,
987 3106 1085 3166 irincti
1098 3111 1169 3166 sunt
1181 3107 1447 3186 mandato(Prol.,
1458 3110 1477 3185 5
1487 3110 1538 3182 77,

193 3195 243 3247 ete
264 3190 446 3248 tradebatur
466 3188 610 3268 (ridolto,
631 3189 746 3258 XXVI,
763 3187 834 3265 26);
893 3207 922 3246 n.
941 3187 1003 3247 55.

192 3268 837 3344 poenitentiam,quandoexeitatusamor·
951 3267 981 3348 (Ι
1016 3266 1121 3338 Trid,
1144 3267 1220 3340 VII,
1249 3268 1323 3330 Gen.
1357 3269 1412 3329 XI.
1436 3263 1541 3328 Mem·-

192 3347 256 3407 tuis
270 3347 521 3422 deditApostolis
533 3347 838 3422 potestatemremit·
892 3355 997 3406 strom
1027 3363 1101 3406 vero
1130 3349 1270 3424 accipere
1291 3349 1433 3407 debemus
1454 3367 1536 3418 eum,

1 3427 8 3484 i
112 3446 114 3452 ·
193 3427 279 3488 tendi
304 3437 428 3500 peecata
448 3424 573 3505 (leam,
594 3429 665 3494 XX,
688 3425 760 3504 22);
789 3444 836 3485 or·
891 3428 942 3486 cui
965 3433 1159 3503 potestesse
1180 3427 1434 3498 administrandi,
1469 3446 1541 3502 quo-

133 3579 134 3584 *
191 3505 306 3575 dinem,
329 3509 396 3566 tum
419 3507 449 3562 in
472 3507 583 3566 ultime
598 3525 701 3576 coena,
718 3507 836 3582 quando
892 3509 962 3566 dam
983 3507 1072 3582 quasi
1094 3507 1263 3574 mandato,
1285 3507 1406 3566 eredita
1428 3515 1487 3568 est.

194 3586 392 3644 consecrandi
413 3585 557 3664 (iteret,
572 3586 674 3658 XXII,
694 3586 754 3665 19),
771 3595 835 3646 tum
951 3586 997 3667 (2)
1019 3587 1115 3662 nugo,
1133 3585 1174 3658 II,
1192 3587 1268 3659 1333
1286 3587 1397 3657 Salm,
1416 3587 1444 3659 1,
1461 3589 1491 3658 7,
1507 3587 1538 3646 9.

194 3670 263 3740 post
294 3665 567 3725 resurrectionem
583 3683 687 3736 suam,
718 3667 837 3742 quando
893 3666 990 3724 Immo
1011 3667 1087 3724 haec
1108 3667 1209 3742 tnagis
1230 3683 1321 3741 quem
1343 3667 1489 3738 materis,
1506 3671 1538 3726 et

194 3743 374 3803 absolvendi
396 3745 441 3803 eis
463 3751 651 3821 potestatem
674 3747 838 3806 constituit
894 3747 1012 3816 format
1043 3749 1156 3805 etenim
1188 3745 1331 3806 Christus
1361 3763 1419 3804 non
1451 3747 1540 3818 haee,

191 3821 427 3902 (Ioco.,l.c.);
446 3825 837 3902 matrimoniumquotem·
893 3827 944 3886 sed
975 3826 1154 3885 ministrum
1190 3842 1245 3900 per
1274 3826 1368 3894 haec,
1401 3827 1538 3902 gretiam

192 3919 267 3979 pore
287 3905 325 3962 ad
347 3907 537 3965 sacramenti
559 3907 745 3981 dignitatem
768 3923 837 3964 eve·
893 3909 1054 3982 praestare
1084 3905 1249 3964 constituit
1278 3903 1397 3983 (Suae,
1425 3905 1474 3975 16,
1496 3903 1539 3984 2).

194 3982 290 4053 serit,
304 3989 406 4042 utrum
422 3983 453 4041 in
469 3987 569 4044 Canae
581 3987 709 4062 nuptiis,
720 4004 757 4043 an
770 4003 838 4044 cum
894 3985 968 4044 Dixi
982 3993 1086 4045 autem
1101 3987 1348 4062 quodammodo,
1360 3985 1432 4059 quia
1443 3987 1543 4044 inten-

193 4061 272 4120 illud
293 4068 472 4140 perpetuum
493 4081 562 4124 esse
583 4065 675 4124 iussit
694 4065 839 4144 (Mattio,
893 4067 949 4134 tio,
963 4083 1031 4122 cum
1047 4065 1238 4142 cogitatione
1251 4063 1461 4141 lateat,sipoi
1471 4083 1545 4124 seo·

193 4141 282 4211 XIX,
295 4140 336 4221 5),
351 4161 409 4200 non
424 4143 502 4203 satis
517 4149 640 4203 constat
653 4145 713 4225 (ΙΙΙ.
733 4147 838 4215 Pont,
895 4144 1000 4204 sibilis
1023 4161 1095 4220 pers
1117 4159 1231 4202 revera
1251 4162 1310 4202 non
1332 4149 1390 4204 est.

192 4221 254 4290 M..
276 4221 345 4282 Lib.
370 4223 395 4293 Ι,
420 4225 493 4298 Gap.
518 4220 585 4300 ΙΙΙ);
612 4223 679 4282 Nec
700 4227 778 4285 setis
801 4225 839 4283 li·
953 4221 998 4304 (3)
1019 4224 1121 4298 iric,
1144 4224 1228 4296 XIV,
1254 4225 1328 4300 Oep.
1351 4221 1380 4283 2.

191 4305 278 4377 quet,
300 4320 358 4378 quo
378 4307 517 4378 tempore
532 4301 797 4363 confirmationem
808 4309 840 4364 et
956 4303 1000 4384 (4)
1021 4305 1137 4380 Eugen.
1152 4301 1208 4374 lv,
1226 4303 1280 4363 cit.
1298 4304 1470 4379 Decr.,§9.
1486 4303 1545 4362 Sed

191 4387 327 4441 extrem.
352 4385 527 4442 unctionem
550 4383 738 4443 Instituerit.
896 4385 1041 4460 numquid
1063 4401 1121 4441 non
1143 4401 1216 4460 opus
1231 4391 1280 4442 est
1294 4383 1542 4443 etiamsobt'ecto

252 4460 318 4541 (11)
342 4463 442 4532 Trio„
466 4461 552 4532 XXI,
577 4463 650 4538 Cap.
674 4461 710 4532 2;
733 4466 838 4535 Pont,
897 4466 1015 4532 idoneo,
1029 4465 1255 4523 etinteotiooe
1277 4465 1347 4522 eius
1371 4463 1540 4540 reeipiendi

191 4540 254 4609 M„
276 4541 330 4611 IV,
353 4541 382 4600 3.
408 4543 488 4602 Nam
511 4541 536 4600 si
559 4559 596 4600 ea
617 4544 841 4603 determinavit
897 4547 1126 4602 sacramentum
1156 4541 1181 4601 si
1212 4543 1308 4602 l'uerit
1329 4543 1475 4603 adultus?
1496 4542 1547 4602 Ita

193 4619 351 4692 Christus,
367 4623 450 4680 ratio
465 4621 590 4680 evidens
611 4627 677 4692 est3
701 4623 747 4681 sin
763 4627 841 4700 Apo-
898 4639 1001 4699 porro,
1014 4625 1064 4682 sed
1080 4634 1115 4682 ut
1130 4627 1357 4682 sacramentum
1371 4623 1434 4682 vim
1458 4637 1546 4681 suem
