<?xml version="1.0" encoding="UTF-8"?>
<!DOCTYPE html PUBLIC "-//W3C//DTD XHTML 1.0 Transitional//EN"
    "http://www.w3.org/TR/xhtml1/DTD/xhtml1-transitional.dtd">
<html xmlns="http://www.w3.org/1999/xhtml" xml:lang="en" lang="en">
 <head>
  <title>
</title>
<meta http-equiv="Content-Type" content="text/html;charset=utf-8" />
  <meta name='ocr-system' content='tesseract 3.04.00' />
  <meta name='ocr-capabilities' content='ocr_page ocr_carea ocr_par ocr_line ocrx_word'/>
</head>
<body>
  <div class='ocr_page' id='page_1' title='image "./summulatheologi02annigoog_0356.png"; bbox 0 0 3536 5124; ppageno 0'>
   <div class='ocr_carea' id='block_1_1' title="bbox 241 200 1584 745">
    <p class='ocr_par' dir='ltr' id='par_1_1' title="bbox 241 200 1580 533">
     <span class='ocr_line' id='line_1_1' title="bbox 247 200 1262 284; baseline -0.01 0"><span class='ocrx_word' id='word_1_1' title='bbox 247 216 311 284; x_wconf 73' lang='lat' dir='ltr'>tta</span> <span class='ocrx_word' id='word_1_2' title='bbox 570 235 659 281; x_wconf 86' lang='lat' dir='ltr'>mesa</span> <span class='ocrx_word' id='word_1_3' title='bbox 683 200 904 280; x_wconf 62' lang='grc' dir='ltr'>ιιι-11111.</span> <span class='ocrx_word' id='word_1_4' title='bbox 932 233 973 277; x_wconf 90' lang='lat' dir='ltr'>vr.</span> <span class='ocrx_word' id='word_1_5' title='bbox 1002 231 1041 276; x_wconf 85' lang='lat' dir='ltr'>nc</span> <span class='ocrx_word' id='word_1_6' title='bbox 1066 229 1262 278; x_wconf 78' lang='lat' dir='ltr'>uarnruomo</span> 
     </span>
     <span class='ocr_line' id='line_1_2' title="bbox 241 329 1580 426; baseline -0.007 -20"><span class='ocrx_word' id='word_1_7' title='bbox 241 337 371 406; x_wconf 80' lang='lat' dir='ltr'>creatio</span> <span class='ocrx_word' id='word_1_8' title='bbox 394 343 430 406; x_wconf 91' lang='lat' dir='ltr'>et</span> <span class='ocrx_word' id='word_1_9' title='bbox 453 356 533 406; x_wconf 92' lang='lat' dir='ltr'>cum</span> <span class='ocrx_word' id='word_1_10' title='bbox 563 335 681 426; x_wconf 88' lang='lat' dir='ltr'>primis</span> <span class='ocrx_word' id='word_1_11' title='bbox 716 335 887 419; x_wconf 81' lang='lat' dir='ltr'>educatio,</span> <span class='ocrx_word' id='word_1_12' title='bbox 914 339 950 402; x_wconf 92' lang='lat' dir='ltr'>et</span> <span class='ocrx_word' id='word_1_13' title='bbox 973 341 1134 404; x_wconf 91' lang='lat' dir='ltr'>mutuum</span> <span class='ocrx_word' id='word_1_14' title='bbox 1159 331 1253 402; x_wconf 86' lang='lat' dir='ltr'>vitae</span> <span class='ocrx_word' id='word_1_15' title='bbox 1276 330 1487 406; x_wconf 82' lang='lat' dir='ltr'>adiutorium</span> <span class='ocrx_word' id='word_1_16' title='bbox 1514 329 1580 418; x_wconf 83' lang='lat'><strong>(8);</strong></span> 
     </span>
     <span class='ocr_line' id='line_1_3' title="bbox 241 438 1459 533; baseline -0.002 -22"><span class='ocrx_word' id='word_1_17' title='bbox 241 449 331 528; x_wconf 90' lang='lat' dir='ltr'>tum,</span> <span class='ocrx_word' id='word_1_18' title='bbox 358 449 435 532; x_wconf 88' lang='lat' dir='ltr'>post</span> <span class='ocrx_word' id='word_1_19' title='bbox 458 443 549 512; x_wconf 85' lang='lat' dir='ltr'>hdae</span> <span class='ocrx_word' id='word_1_20' title='bbox 572 442 719 533; x_wconf 88' lang='lat' dir='ltr'>lapsum,</span> <span class='ocrx_word' id='word_1_21' title='bbox 746 441 852 511; x_wconf 92' lang='lat' dir='ltr'>etiam</span> <span class='ocrx_word' id='word_1_22' title='bbox 878 439 1072 509; x_wconf 89' lang='lat' dir='ltr'>remedium</span> <span class='ocrx_word' id='word_1_23' title='bbox 1095 438 1372 509; x_wconf 80' lang='lat' dir='ltr'>incontinentiae</span> <span class='ocrx_word' id='word_1_24' title='bbox 1399 439 1459 526; x_wconf 82' lang='grc'>(9).</span> 
     </span>
    </p>

    <p class='ocr_par' dir='ltr' id='par_1_2' title="bbox 243 545 1584 745">
     <span class='ocr_line' id='line_1_4' title="bbox 300 545 1584 637; baseline -0.006 -18"><span class='ocrx_word' id='word_1_25' title='bbox 300 550 378 619; x_wconf 70' lang='lat' dir='ltr'>illd.</span> <span class='ocrx_word' id='word_1_26' title='bbox 405 549 667 620; x_wconf 84' lang='lat' dir='ltr'>Matrimonium</span> <span class='ocrx_word' id='word_1_27' title='bbox 691 548 781 637; x_wconf 91' lang='lat' dir='ltr'>apud</span> <span class='ocrx_word' id='word_1_28' title='bbox 804 545 1024 618; x_wconf 81' lang='lat' dir='ltr'>Christicolas</span> <span class='ocrx_word' id='word_1_29' title='bbox 1047 547 1258 616; x_wconf 83' lang='lat' dir='ltr'>sacramenti</span> <span class='ocrx_word' id='word_1_30' title='bbox 1294 545 1462 634; x_wconf 80' lang='lat' dir='ltr'>dignitate</span> <span class='ocrx_word' id='word_1_31' title='bbox 1486 563 1584 633; x_wconf 89' lang='lat' dir='ltr'>prae-</span> 
     </span>
     <span class='ocr_line' id='line_1_5' title="bbox 243 649 1584 745; baseline -0.006 -20"><span class='ocrx_word' id='word_1_32' title='bbox 243 661 314 726; x_wconf 90' lang='lat' dir='ltr'>stat</span> <span class='ocrx_word' id='word_1_33' title='bbox 332 657 417 745; x_wconf 84' lang='lat' dir='ltr'>(ltl);</span> <span class='ocrx_word' id='word_1_34' title='bbox 435 662 472 725; x_wconf 90' lang='lat' dir='ltr'>at</span> <span class='ocrx_word' id='word_1_35' title='bbox 495 676 579 725; x_wconf 88' lang='lat' dir='ltr'>vero</span> <span class='ocrx_word' id='word_1_36' title='bbox 602 659 862 724; x_wconf 89' lang='lat' dir='ltr'>sacramentum</span> <span class='ocrx_word' id='word_1_37' title='bbox 885 674 957 722; x_wconf 94' lang='lat' dir='ltr'>non</span> <span class='ocrx_word' id='word_1_38' title='bbox 981 660 1033 722; x_wconf 90' lang='lat' dir='ltr'>est</span> <span class='ocrx_word' id='word_1_39' title='bbox 1056 653 1147 722; x_wconf 91' lang='lat' dir='ltr'>aliud</span> <span class='ocrx_word' id='word_1_40' title='bbox 1171 674 1191 722; x_wconf 92' lang='lat' dir='ltr'>a</span> <span class='ocrx_word' id='word_1_41' title='bbox 1215 657 1397 722; x_wconf 87' lang='lat' dir='ltr'>contractu</span> <span class='ocrx_word' id='word_1_42' title='bbox 1420 671 1484 732; x_wconf 87' lang='lat' dir='ltr'>ceu</span> <span class='ocrx_word' id='word_1_43' title='bbox 1501 649 1584 719; x_wconf 94' lang='lat' dir='ltr'>olim</span> 
     </span>
    </p>
   </div>
   <div class='ocr_carea' id='block_1_2' title="bbox 243 756 1585 852">
    <p class='ocr_par' dir='ltr' id='par_1_3' title="bbox 243 756 1585 852">
     <span class='ocr_line' id='line_1_6' title="bbox 243 756 1585 852; baseline -0.004 -22"><span class='ocrx_word' id='word_1_44' title='bbox 243 762 397 852; x_wconf 85' lang='lat' dir='ltr'>pluribus</span> <span class='ocrx_word' id='word_1_45' title='bbox 421 762 536 831; x_wconf 86' lang='lat' dir='ltr'>visum</span> <span class='ocrx_word' id='word_1_46' title='bbox 563 762 649 850; x_wconf 87' lang='lat' dir='ltr'>(ll);</span> <span class='ocrx_word' id='word_1_47' title='bbox 676 781 742 830; x_wconf 91' lang='lat' dir='ltr'>nec</span> <span class='ocrx_word' id='word_1_48' title='bbox 765 757 894 850; x_wconf 86' lang='lat' dir='ltr'>aliquid</span> <span class='ocrx_word' id='word_1_49' title='bbox 917 757 949 826; x_wconf 93' lang='lat' dir='ltr'>ei</span> <span class='ocrx_word' id='word_1_50' title='bbox 973 760 1152 848; x_wconf 83' lang='lat' dir='ltr'>allapsam</span> <span class='ocrx_word' id='word_1_51' title='bbox 1176 763 1391 830; x_wconf 75' lang='lat' dir='ltr'>extrinsecas</span> <span class='ocrx_word' id='word_1_52' title='bbox 1417 757 1499 846; x_wconf 78' lang='lat' dir='ltr'>(m),</span> <span class='ocrx_word' id='word_1_53' title='bbox 1524 756 1585 825; x_wconf 90' lang='lat' dir='ltr'>sed</span> 
     </span>
    </p>
   </div>
   <div class='ocr_carea' id='block_1_3' title="bbox 130 861 1585 958">
    <p class='ocr_par' dir='ltr' id='par_1_4' title="bbox 130 861 1585 958">
     <span class='ocr_line' id='line_1_7' title="bbox 130 861 1585 958; baseline -0.003 -24"><span class='ocrx_word' id='word_1_54' title='bbox 130 929 132 934; x_wconf 89' lang='lat'><em>.</em></span> <span class='ocrx_word' id='word_1_55' title='bbox 244 875 297 938; x_wconf 90' lang='lat' dir='ltr'>est</span> <span class='ocrx_word' id='word_1_56' title='bbox 320 867 467 958; x_wconf 84' lang='lat' dir='ltr'>ipsemet</span> <span class='ocrx_word' id='word_1_57' title='bbox 491 873 691 936; x_wconf 89' lang='lat' dir='ltr'>contractus</span> <span class='ocrx_word' id='word_1_58' title='bbox 714 865 882 935; x_wconf 91' lang='lat' dir='ltr'>naturalis</span> <span class='ocrx_word' id='word_1_59' title='bbox 905 887 925 934; x_wconf 91' lang='lat' dir='ltr'>a</span> <span class='ocrx_word' id='word_1_60' title='bbox 951 871 989 934; x_wconf 89' lang='lat' dir='ltr'>l).</span> <span class='ocrx_word' id='word_1_61' title='bbox 1009 870 1050 933; x_wconf 87' lang='lat' dir='ltr'>N.</span> <span class='ocrx_word' id='word_1_62' title='bbox 1070 871 1094 933; x_wconf 95' lang='lat' dir='ltr'>l.</span> <span class='ocrx_word' id='word_1_63' title='bbox 1121 869 1157 934; x_wconf 85' lang='lat' dir='ltr'>C.</span> <span class='ocrx_word' id='word_1_64' title='bbox 1183 861 1393 933; x_wconf 87' lang='lat' dir='ltr'>sacramenti</span> <span class='ocrx_word' id='word_1_65' title='bbox 1416 861 1585 951; x_wconf 85' lang='lat' dir='ltr'>dignitate</span> 
     </span>
    </p>
   </div>
   <div class='ocr_carea' id='block_1_4' title="bbox 162 968 1587 2556">
    <p class='ocr_par' dir='ltr' id='par_1_5' title="bbox 162 968 1587 1805">
     <span class='ocr_line' id='line_1_8' title="bbox 242 968 1581 1065; baseline -0.008 -19"><span class='ocrx_word' id='word_1_66' title='bbox 242 982 367 1046; x_wconf 88' lang='lat' dir='ltr'>auctus</span> <span class='ocrx_word' id='word_1_67' title='bbox 393 975 479 1064; x_wconf 75' lang='lat' dir='ltr'>(lt),</span> <span class='ocrx_word' id='word_1_68' title='bbox 498 979 602 1065; x_wconf 88' lang='lat' dir='ltr'>atque</span> <span class='ocrx_word' id='word_1_69' title='bbox 626 973 702 1042; x_wconf 93' lang='lat' dir='ltr'>ideo</span> <span class='ocrx_word' id='word_1_70' title='bbox 725 973 874 1042; x_wconf 88' lang='lat' dir='ltr'>alterum</span> <span class='ocrx_word' id='word_1_71' title='bbox 898 971 942 1040; x_wconf 92' lang='lat' dir='ltr'>ab</span> <span class='ocrx_word' id='word_1_72' title='bbox 965 972 1074 1040; x_wconf 91' lang='lat' dir='ltr'>altero</span> <span class='ocrx_word' id='word_1_73' title='bbox 1098 970 1249 1059; x_wconf 88' lang='lat' dir='ltr'>separari</span> <span class='ocrx_word' id='word_1_74' title='bbox 1273 990 1344 1038; x_wconf 91' lang='lat' dir='ltr'>non</span> <span class='ocrx_word' id='word_1_75' title='bbox 1368 974 1482 1057; x_wconf 89' lang='lat' dir='ltr'>potest</span> <span class='ocrx_word' id='word_1_76' title='bbox 1498 968 1581 1055; x_wconf 78' lang='grc'>(11).</span> 
     </span>
     <span class='ocr_line' id='line_1_9' title="bbox 245 1075 1585 1170; baseline -0.005 -21"><span class='ocrx_word' id='word_1_77' title='bbox 245 1080 391 1150; x_wconf 82' lang='lat' dir='ltr'>Proinde</span> <span class='ocrx_word' id='word_1_78' title='bbox 414 1101 502 1170; x_wconf 87' lang='lat' dir='ltr'>quae</span> <span class='ocrx_word' id='word_1_79' title='bbox 526 1086 739 1163; x_wconf 79' lang='lat' dir='ltr'>contractus,</span> <span class='ocrx_word' id='word_1_80' title='bbox 765 1079 850 1148; x_wconf 91' lang='lat' dir='ltr'>haec</span> <span class='ocrx_word' id='word_1_81' title='bbox 873 1077 995 1147; x_wconf 88' lang='lat' dir='ltr'>eadem</span> <span class='ocrx_word' id='word_1_82' title='bbox 1023 1075 1233 1146; x_wconf 89' lang='lat' dir='ltr'>sacramenti</span> <span class='ocrx_word' id='word_1_83' title='bbox 1258 1083 1293 1144; x_wconf 90' lang='lat' dir='ltr'>et</span> <span class='ocrx_word' id='word_1_84' title='bbox 1315 1077 1427 1144; x_wconf 85' lang='lat' dir='ltr'>forma</span> <span class='ocrx_word' id='word_1_85' title='bbox 1451 1079 1486 1142; x_wconf 89' lang='lat' dir='ltr'>et</span> <span class='ocrx_word' id='word_1_86' title='bbox 1511 1094 1585 1142; x_wconf 88' lang='lat' dir='ltr'>ma·</span> 
     </span>
     <span class='ocr_line' id='line_1_10' title="bbox 243 1181 1583 1274; baseline -0.003 -20"><span class='ocrx_word' id='word_1_87' title='bbox 243 1186 331 1257; x_wconf 91' lang='lat' dir='ltr'>teria</span> <span class='ocrx_word' id='word_1_88' title='bbox 347 1193 417 1256; x_wconf 89' lang='lat' dir='ltr'>est:</span> <span class='ocrx_word' id='word_1_89' title='bbox 436 1186 685 1255; x_wconf 86' lang='lat' dir='ltr'>contrahentes</span> <span class='ocrx_word' id='word_1_90' title='bbox 700 1193 735 1253; x_wconf 86' lang='lat' dir='ltr'>ot</span> <span class='ocrx_word' id='word_1_91' title='bbox 752 1184 902 1256; x_wconf 88' lang='lat' dir='ltr'>ministri</span> <span class='ocrx_word' id='word_1_92' title='bbox 919 1189 1000 1252; x_wconf 90' lang='lat' dir='ltr'>sunt</span> <span class='ocrx_word' id='word_1_93' title='bbox 1018 1184 1156 1272; x_wconf 86' lang='lat' dir='ltr'>(nempe</span> <span class='ocrx_word' id='word_1_94' title='bbox 1172 1181 1269 1274; x_wconf 90' lang='lat' dir='ltr'>quasi</span> <span class='ocrx_word' id='word_1_95' title='bbox 1282 1182 1583 1272; x_wconf 88' lang='lat' dir='ltr'>perconsequens)</span> 
     </span>
     <span class='ocr_line' id='line_1_11' title="bbox 248 1285 1585 1382; baseline -0.004 -18"><span class='ocrx_word' id='word_1_96' title='bbox 248 1300 285 1364; x_wconf 92' lang='lat' dir='ltr'>et</span> <span class='ocrx_word' id='word_1_97' title='bbox 308 1294 452 1364; x_wconf 87' lang='lat' dir='ltr'>subiecti</span> <span class='ocrx_word' id='word_1_98' title='bbox 479 1295 560 1382; x_wconf 83' lang='grc'>(15).</span> <span class='ocrx_word' id='word_1_99' title='bbox 588 1293 729 1382; x_wconf 83' lang='lat' dir='ltr'>Signum</span> <span class='ocrx_word' id='word_1_100' title='bbox 767 1315 850 1362; x_wconf 73' lang='lat' dir='ltr'>tero</span> <span class='ocrx_word' id='word_1_101' title='bbox 885 1292 1014 1382; x_wconf 79' lang='lat' dir='ltr'>gratiae</span> <span class='ocrx_word' id='word_1_102' title='bbox 1049 1313 1154 1382; x_wconf 91' lang='lat' dir='ltr'>quam</span> <span class='ocrx_word' id='word_1_103' title='bbox 1189 1293 1325 1360; x_wconf 84' lang='lat' dir='ltr'>confert</span> <span class='ocrx_word' id='word_1_104' title='bbox 1355 1293 1434 1382; x_wconf 85' lang='lat' dir='ltr'>(qua</span> <span class='ocrx_word' id='word_1_105' title='bbox 1466 1285 1585 1359; x_wconf 91' lang='lat' dir='ltr'>anima</span> 
     </span>
     <span class='ocr_line' id='line_1_12' title="bbox 162 1397 1581 1495; baseline -0.006 -25"><span class='ocrx_word' id='word_1_106' title='bbox 162 1489 163 1495; x_wconf 8' lang='grc' dir='ltr'>η</span> <span class='ocrx_word' id='word_1_107' title='bbox 244 1400 365 1470; x_wconf 93' lang='lat' dir='ltr'>unitur</span> <span class='ocrx_word' id='word_1_108' title='bbox 388 1404 470 1489; x_wconf 86' lang='lat' dir='ltr'>Deo)</span> <span class='ocrx_word' id='word_1_109' title='bbox 497 1399 588 1468; x_wconf 89' lang='lat' dir='ltr'>inest</span> <span class='ocrx_word' id='word_1_110' title='bbox 618 1420 803 1484; x_wconf 89' lang='lat' dir='ltr'>consensu,</span> <span class='ocrx_word' id='word_1_111' title='bbox 827 1421 895 1492; x_wconf 85' lang='lat' dir='ltr'>quo</span> <span class='ocrx_word' id='word_1_112' title='bbox 927 1399 1040 1468; x_wconf 90' lang='lat' dir='ltr'>viret</span> <span class='ocrx_word' id='word_1_113' title='bbox 1070 1398 1197 1468; x_wconf 92' lang='lat' dir='ltr'>mulier</span> <span class='ocrx_word' id='word_1_114' title='bbox 1220 1397 1373 1468; x_wconf 87' lang='lat' dir='ltr'>invicem</span> <span class='ocrx_word' id='word_1_115' title='bbox 1398 1397 1581 1465; x_wconf 91' lang='lat' dir='ltr'>uniuntur.</span> 
     </span>
     <span class='ocr_line' id='line_1_13' title="bbox 245 1505 1586 1596; baseline -0.005 -21"><span class='ocrx_word' id='word_1_116' title='bbox 245 1506 413 1590; x_wconf 90' lang='lat' dir='ltr'>Quocirca</span> <span class='ocrx_word' id='word_1_117' title='bbox 438 1506 573 1576; x_wconf 12' lang='lat' dir='ltr'>‹tletlnhi</span> <span class='ocrx_word' id='word_1_118' title='bbox 599 1513 711 1596; x_wconf 87' lang='lat' dir='ltr'>potest</span> <span class='ocrx_word' id='word_1_119' title='bbox 732 1545 755 1557; x_wconf 87' lang='lat'>-</span> <span class='ocrx_word' id='word_1_120' title='bbox 779 1510 1146 1596; x_wconf 71' lang='lat' dir='ltr'>sacramentumque</span> <span class='ocrx_word' id='word_1_121' title='bbox 1174 1505 1380 1575; x_wconf 64' lang='lat' dir='ltr'>Caeretanis</span> <span class='ocrx_word' id='word_1_122' title='bbox 1405 1507 1586 1572; x_wconf 82' lang='lat' dir='ltr'>matrimo-</span> 
     </span>
     <span class='ocr_line' id='line_1_14' title="bbox 246 1612 1587 1702; baseline 0 -26"><span class='ocrx_word' id='word_1_123' title='bbox 246 1615 347 1679; x_wconf 84' lang='lat' dir='ltr'>aiam</span> <span class='ocrx_word' id='word_1_124' title='bbox 372 1613 574 1682; x_wconf 78' lang='lat' dir='ltr'>ineuntibus</span> <span class='ocrx_word' id='word_1_125' title='bbox 590 1615 700 1681; x_wconf 86' lang='lat' dir='ltr'>datar</span> <span class='ocrx_word' id='word_1_126' title='bbox 724 1617 846 1701; x_wconf 76' lang='lat' dir='ltr'>pratia</span> <span class='ocrx_word' id='word_1_127' title='bbox 872 1613 919 1681; x_wconf 85' lang='lat' dir='ltr'>ad</span> <span class='ocrx_word' id='word_1_128' title='bbox 939 1615 997 1700; x_wconf 84' lang='lat' dir='ltr'>pic</span> <span class='ocrx_word' id='word_1_129' title='bbox 1012 1621 1198 1702; x_wconf 82' lang='lat' dir='ltr'>sancteque</span> <span class='ocrx_word' id='word_1_130' title='bbox 1220 1615 1259 1679; x_wconf 84' lang='lat' dir='ltr'>ia</span> <span class='ocrx_word' id='word_1_131' title='bbox 1283 1612 1453 1680; x_wconf 79' lang='lat' dir='ltr'>connuhio</span> <span class='ocrx_word' id='word_1_132' title='bbox 1469 1613 1587 1677; x_wconf 75' lang='lat' dir='ltr'>moen-</span> 
     </span>
     <span class='ocr_line' id='line_1_15' title="bbox 245 1717 804 1805; baseline 0.005 -21"><span class='ocrx_word' id='word_1_133' title='bbox 245 1717 331 1784; x_wconf 86' lang='lat' dir='ltr'>dam</span> <span class='ocrx_word' id='word_1_134' title='bbox 355 1727 386 1786; x_wconf 89' lang='lat' dir='ltr'>et</span> <span class='ocrx_word' id='word_1_135' title='bbox 406 1719 542 1805; x_wconf 82' lang='lat' dir='ltr'>prolem</span> <span class='ocrx_word' id='word_1_136' title='bbox 566 1719 804 1788; x_wconf 83' lang='lat' dir='ltr'>educandam.</span> 
     </span>
    </p>

    <p class='ocr_par' dir='ltr' id='par_1_6' title="bbox 244 1822 1587 2556">
     <span class='ocr_line' id='line_1_16' title="bbox 304 1822 1587 1915; baseline 0 -23"><span class='ocrx_word' id='word_1_137' title='bbox 304 1824 380 1892; x_wconf 76' lang='lat' dir='ltr'>tal.</span> <span class='ocrx_word' id='word_1_138' title='bbox 399 1829 544 1892; x_wconf 80' lang='lat' dir='ltr'>llemum</span> <span class='ocrx_word' id='word_1_139' title='bbox 560 1845 628 1915; x_wconf 84' lang='lat' dir='ltr'>qua</span> <span class='ocrx_word' id='word_1_140' title='bbox 645 1825 908 1894; x_wconf 85' lang='lat' dir='ltr'>matrimonium</span> <span class='ocrx_word' id='word_1_141' title='bbox 925 1823 1028 1893; x_wconf 85' lang='lat' dir='ltr'>estin</span> <span class='ocrx_word' id='word_1_142' title='bbox 1046 1822 1197 1892; x_wconf 93' lang='lat' dir='ltr'>ollicium</span> <span class='ocrx_word' id='word_1_143' title='bbox 1214 1824 1489 1906; x_wconf 84' lang='lat' dir='ltr'>communitatis,</span> <span class='ocrx_word' id='word_1_144' title='bbox 1504 1842 1587 1892; x_wconf 93' lang='lat' dir='ltr'>cum</span> 
     </span>
     <span class='ocr_line' id='line_1_17' title="bbox 245 1929 1587 2022; baseline -0.001 -22"><span class='ocrx_word' id='word_1_145' title='bbox 245 1929 398 2000; x_wconf 91' lang='lat' dir='ltr'>civitatis</span> <span class='ocrx_word' id='word_1_146' title='bbox 423 1929 587 1999; x_wconf 88' lang='lat' dir='ltr'>intersint</span> <span class='ocrx_word' id='word_1_147' title='bbox 607 1931 843 2016; x_wconf 90' lang='lat' dir='ltr'>matrimonia,</span> <span class='ocrx_word' id='word_1_148' title='bbox 862 1931 1032 2022; x_wconf 88' lang='lat' dir='ltr'>quaedam</span> <span class='ocrx_word' id='word_1_149' title='bbox 1057 1931 1106 1999; x_wconf 81' lang='lat' dir='ltr'>eis</span> <span class='ocrx_word' id='word_1_150' title='bbox 1128 1929 1290 1999; x_wconf 88' lang='lat' dir='ltr'>ineundis</span> <span class='ocrx_word' id='word_1_151' title='bbox 1312 1929 1492 2014; x_wconf 90' lang='lat' dir='ltr'>solemnia,</span> <span class='ocrx_word' id='word_1_152' title='bbox 1511 1929 1587 2000; x_wconf 91' lang='lat' dir='ltr'>lure</span> 
     </span>
     <span class='ocr_line' id='line_1_18' title="bbox 250 2035 1587 2128; baseline 0.003 -24"><span class='ocrx_word' id='word_1_153' title='bbox 250 2035 416 2126; x_wconf 89' lang='lat' dir='ltr'>cuiusque</span> <span class='ocrx_word' id='word_1_154' title='bbox 446 2035 612 2120; x_wconf 78' lang='lat' dir='ltr'>ciuitatis,</span> <span class='ocrx_word' id='word_1_155' title='bbox 639 2036 827 2106; x_wconf 89' lang='lat' dir='ltr'>constituta</span> <span class='ocrx_word' id='word_1_156' title='bbox 859 2044 959 2106; x_wconf 90' lang='lat' dir='ltr'>sunt:</span> <span class='ocrx_word' id='word_1_157' title='bbox 986 2037 1038 2106; x_wconf 90' lang='lat' dir='ltr'>his</span> <span class='ocrx_word' id='word_1_158' title='bbox 1061 2043 1179 2106; x_wconf 92' lang='lat' dir='ltr'>autem</span> <span class='ocrx_word' id='word_1_159' title='bbox 1203 2037 1260 2128; x_wconf 91' lang='lat' dir='ltr'>qui</span> <span class='ocrx_word' id='word_1_160' title='bbox 1286 2058 1330 2106; x_wconf 87' lang='lat' dir='ltr'>ex</span> <span class='ocrx_word' id='word_1_161' title='bbox 1354 2037 1419 2106; x_wconf 92' lang='lat' dir='ltr'>hoe</span> <span class='ocrx_word' id='word_1_162' title='bbox 1447 2037 1520 2106; x_wconf 91' lang='lat' dir='ltr'>iure</span> <span class='ocrx_word' id='word_1_163' title='bbox 1546 2059 1587 2108; x_wconf 91' lang='lat' dir='ltr'>ea</span> 
     </span>
     <span class='ocr_line' id='line_1_19' title="bbox 244 2144 1585 2235; baseline 0.001 -23"><span class='ocrx_word' id='word_1_164' title='bbox 244 2149 372 2212; x_wconf 89' lang='lat' dir='ltr'>coeunt</span> <span class='ocrx_word' id='word_1_165' title='bbox 395 2145 505 2212; x_wconf 93' lang='lat' dir='ltr'>multa</span> <span class='ocrx_word' id='word_1_166' title='bbox 524 2151 734 2233; x_wconf 51' lang='lat' dir='ltr'>,competunt</span> <span class='ocrx_word' id='word_1_167' title='bbox 757 2144 947 2234; x_wconf 82' lang='lat' dir='ltr'>privilegia,</span> <span class='ocrx_word' id='word_1_168' title='bbox 976 2151 1015 2212; x_wconf 93' lang='lat' dir='ltr'>ut</span> <span class='ocrx_word' id='word_1_169' title='bbox 1037 2165 1117 2214; x_wconf 91' lang='lat' dir='ltr'>eece</span> <span class='ocrx_word' id='word_1_170' title='bbox 1141 2165 1230 2235; x_wconf 86' lang='lat' dir='ltr'>quae</span> <span class='ocrx_word' id='word_1_171' title='bbox 1254 2145 1431 2234; x_wconf 88' lang='lat' dir='ltr'>pertinent</span> <span class='ocrx_word' id='word_1_172' title='bbox 1454 2145 1496 2213; x_wconf 94' lang='lat' dir='ltr'>ad</span> <span class='ocrx_word' id='word_1_173' title='bbox 1527 2145 1585 2214; x_wconf 92' lang='lat' dir='ltr'>do-</span> 
     </span>
     <span class='ocr_line' id='line_1_20' title="bbox 244 2250 1587 2341; baseline 0.002 -23"><span class='ocrx_word' id='word_1_174' title='bbox 244 2259 317 2318; x_wconf 89' lang='lat' dir='ltr'>tem</span> <span class='ocrx_word' id='word_1_175' title='bbox 342 2250 508 2335; x_wconf 79' lang='lat' dir='ltr'>mulieriS,</span> <span class='ocrx_word' id='word_1_176' title='bbox 534 2251 577 2318; x_wconf 92' lang='lat' dir='ltr'>ad</span> <span class='ocrx_word' id='word_1_177' title='bbox 600 2251 748 2339; x_wconf 91' lang='lat' dir='ltr'>patriam</span> <span class='ocrx_word' id='word_1_178' title='bbox 776 2250 844 2319; x_wconf 78' lang='lat' dir='ltr'>viri</span> <span class='ocrx_word' id='word_1_179' title='bbox 861 2254 983 2339; x_wconf 79' lang='lat' dir='ltr'>(nunc,</span> <span class='ocrx_word' id='word_1_180' title='bbox 1010 2252 1100 2340; x_wconf 87' lang='lat' dir='ltr'>apud</span> <span class='ocrx_word' id='word_1_181' title='bbox 1124 2273 1199 2336; x_wconf 87' lang='lat' dir='ltr'>nos,</span> <span class='ocrx_word' id='word_1_182' title='bbox 1226 2257 1261 2320; x_wconf 93' lang='lat' dir='ltr'>et</span> <span class='ocrx_word' id='word_1_183' title='bbox 1283 2251 1414 2340; x_wconf 88' lang='lat' dir='ltr'>uxoris)</span> <span class='ocrx_word' id='word_1_184' title='bbox 1438 2258 1587 2341; x_wconf 85' lang='lat' dir='ltr'>potesta-</span> 
     </span>
     <span class='ocr_line' id='line_1_21' title="bbox 244 2357 1584 2444; baseline 0 -19"><span class='ocrx_word' id='word_1_185' title='bbox 244 2363 330 2442; x_wconf 90' lang='lat' dir='ltr'>tem,</span> <span class='ocrx_word' id='word_1_186' title='bbox 356 2357 398 2426; x_wconf 92' lang='lat' dir='ltr'>ad</span> <span class='ocrx_word' id='word_1_187' title='bbox 428 2357 682 2426; x_wconf 87' lang='lat' dir='ltr'>successionem</span> <span class='ocrx_word' id='word_1_188' title='bbox 707 2357 869 2444; x_wconf 87' lang='lat' dir='ltr'>liliorum,</span> <span class='ocrx_word' id='word_1_189' title='bbox 894 2363 962 2426; x_wconf 91' lang='lat' dir='ltr'>ete.</span> <span class='ocrx_word' id='word_1_190' title='bbox 1000 2365 1092 2427; x_wconf 88' lang='lat' dir='ltr'>llaec</span> <span class='ocrx_word' id='word_1_191' title='bbox 1127 2358 1292 2427; x_wconf 91' lang='lat' dir='ltr'>dicuntur</span> <span class='ocrx_word' id='word_1_192' title='bbox 1325 2363 1410 2428; x_wconf 84' lang='lat' dir='ltr'>iura</span> <span class='ocrx_word' id='word_1_193' title='bbox 1445 2360 1584 2428; x_wconf 82' lang='lat' dir='ltr'>ciuilt&#39;a:</span> 
     </span>
     <span class='ocr_line' id='line_1_22' title="bbox 245 2463 1584 2556; baseline 0.002 -25"><span class='ocrx_word' id='word_1_194' title='bbox 245 2465 361 2554; x_wconf 88' lang='lat' dir='ltr'>itaque</span> <span class='ocrx_word' id='word_1_195' title='bbox 384 2463 412 2532; x_wconf 94' lang='lat' dir='ltr'>si</span> <span class='ocrx_word' id='word_1_196' title='bbox 444 2484 514 2532; x_wconf 91' lang='lat' dir='ltr'>nou</span> <span class='ocrx_word' id='word_1_197' title='bbox 539 2485 583 2532; x_wconf 85' lang='lat' dir='ltr'>ex</span> <span class='ocrx_word' id='word_1_198' title='bbox 607 2464 681 2532; x_wconf 89' lang='lat' dir='ltr'>iure</span> <span class='ocrx_word' id='word_1_199' title='bbox 706 2485 841 2556; x_wconf 88' lang='lat' dir='ltr'>quoque</span> <span class='ocrx_word' id='word_1_200' title='bbox 878 2463 973 2534; x_wconf 86' lang='lat' dir='ltr'>civili</span> <span class='ocrx_word' id='word_1_201' title='bbox 998 2463 1145 2534; x_wconf 89' lang='lat' dir='ltr'>coierint</span> <span class='ocrx_word' id='word_1_202' title='bbox 1179 2465 1334 2554; x_wconf 93' lang='lat' dir='ltr'>nuptiae,</span> <span class='ocrx_word' id='word_1_203' title='bbox 1361 2465 1434 2534; x_wconf 90' lang='lat' dir='ltr'>iura</span> <span class='ocrx_word' id='word_1_204' title='bbox 1467 2465 1584 2534; x_wconf 90' lang='lat' dir='ltr'>civilia</span> 
     </span>
    </p>
   </div>
   <div class='ocr_carea' id='block_1_5' title="bbox 246 2816 895 3929">
    <p class='ocr_par' dir='ltr' id='par_1_7' title="bbox 247 2816 891 2970">
     <span class='ocr_line' id='line_1_23' title="bbox 308 2816 891 2898; baseline 0 -22"><span class='ocrx_word' id='word_1_205' title='bbox 308 2816 352 2898; x_wconf 87' lang='lat'>(8)</span> <span class='ocrx_word' id='word_1_206' title='bbox 376 2817 508 2888; x_wconf 72' lang='lat' dir='ltr'>Genea„</span> <span class='ocrx_word' id='word_1_207' title='bbox 529 2819 554 2892; x_wconf 86' lang='lat' dir='ltr'>l,</span> <span class='ocrx_word' id='word_1_208' title='bbox 578 2819 633 2888; x_wconf 79' lang='lat'>283</span> <span class='ocrx_word' id='word_1_209' title='bbox 657 2819 693 2878; x_wconf 87' lang='lat' dir='ltr'>D.</span> <span class='ocrx_word' id='word_1_210' title='bbox 711 2819 783 2889; x_wconf 81' lang='lat' dir='ltr'>Th,</span> <span class='ocrx_word' id='word_1_211' title='bbox 808 2819 838 2876; x_wconf 89' lang='lat' dir='ltr'>iu</span> <span class='ocrx_word' id='word_1_212' title='bbox 861 2823 891 2889; x_wconf 90' lang='grc'>4,</span> 
     </span>
     <span class='ocr_line' id='line_1_24' title="bbox 247 2898 530 2970; baseline -0.007 -12"><span class='ocrx_word' id='word_1_213' title='bbox 247 2901 283 2958; x_wconf 90' lang='lat' dir='ltr'>D.</span> <span class='ocrx_word' id='word_1_214' title='bbox 310 2899 360 2967; x_wconf 84' lang='grc'>39,</span> <span class='ocrx_word' id='word_1_215' title='bbox 385 2900 420 2965; x_wconf 88' lang='lat' dir='ltr'>Q.</span> <span class='ocrx_word' id='word_1_216' title='bbox 448 2898 476 2970; x_wconf 95' lang='lat' dir='ltr'>l,</span> <span class='ocrx_word' id='word_1_217' title='bbox 500 2899 530 2956; x_wconf 82' lang='lat'>2.</span> 
     </span>
    </p>

    <p class='ocr_par' dir='ltr' id='par_1_8' title="bbox 319 2977 823 3054">
     <span class='ocr_line' id='line_1_25' title="bbox 319 2977 823 3054; baseline 0 -16"><span class='ocrx_word' id='word_1_218' title='bbox 319 2978 352 3054; x_wconf 86' lang='lat'>9)</span> <span class='ocrx_word' id='word_1_219' title='bbox 372 2979 385 3036; x_wconf 95' lang='lat' dir='ltr'>l</span> <span class='ocrx_word' id='word_1_220' title='bbox 410 2977 571 3047; x_wconf 70' lang='lat' dir='ltr'>Cariath„</span> <span class='ocrx_word' id='word_1_221' title='bbox 592 2977 662 3050; x_wconf 93' lang='lat' dir='ltr'>Vll,</span> <span class='ocrx_word' id='word_1_222' title='bbox 685 2977 716 3048; x_wconf 79' lang='lat'>⁶2,</span> <span class='ocrx_word' id='word_1_223' title='bbox 740 2977 769 3048; x_wconf 88' lang='lat'>5,</span> <span class='ocrx_word' id='word_1_224' title='bbox 794 2978 823 3038; x_wconf 83' lang='lat'>9.</span> 
     </span>
    </p>

    <p class='ocr_par' dir='ltr' id='par_1_9' title="bbox 246 3056 894 3538">
     <span class='ocr_line' id='line_1_26' title="bbox 322 3056 890 3135; baseline -0.004 -19"><span class='ocrx_word' id='word_1_225' title='bbox 322 3056 373 3135; x_wconf 87' lang='lat'>10)</span> <span class='ocrx_word' id='word_1_226' title='bbox 394 3060 495 3131; x_wconf 76' lang='lat' dir='ltr'>Tria,</span> <span class='ocrx_word' id='word_1_227' title='bbox 519 3060 636 3128; x_wconf 88' lang='lat' dir='ltr'>XXIV,</span> <span class='ocrx_word' id='word_1_228' title='bbox 661 3060 691 3117; x_wconf 77' lang='lat' dir='ltr'>a.</span> <span class='ocrx_word' id='word_1_229' title='bbox 710 3066 745 3127; x_wconf 76' lang='grc'>1.,</span> <span class='ocrx_word' id='word_1_230' title='bbox 766 3059 840 3116; x_wconf 84' lang='lat' dir='ltr'>Can.</span> <span class='ocrx_word' id='word_1_231' title='bbox 858 3056 890 3130; x_wconf 87' lang='lat' dir='ltr'>I;</span> 
     </span>
     <span class='ocr_line' id='line_1_27' title="bbox 247 3137 894 3213; baseline -0.006 -15"><span class='ocrx_word' id='word_1_232' title='bbox 247 3146 475 3198; x_wconf 88' lang='lat' dir='ltr'>sacramentum</span> <span class='ocrx_word' id='word_1_233' title='bbox 507 3147 567 3204; x_wconf 81' lang='lat' dir='ltr'>est,</span> <span class='ocrx_word' id='word_1_234' title='bbox 591 3138 705 3199; x_wconf 81' lang='lat' dir='ltr'>stricta</span> <span class='ocrx_word' id='word_1_235' title='bbox 736 3137 894 3213; x_wconf 89' lang='lat' dir='ltr'>signitica-</span> 
     </span>
     <span class='ocr_line' id='line_1_28' title="bbox 246 3218 892 3297; baseline -0.005 -20"><span class='ocrx_word' id='word_1_236' title='bbox 246 3219 343 3288; x_wconf 88' lang='lat' dir='ltr'>ticue,</span> <span class='ocrx_word' id='word_1_237' title='bbox 362 3221 398 3276; x_wconf 80' lang='lat' dir='ltr'>ia</span> <span class='ocrx_word' id='word_1_238' title='bbox 420 3223 512 3294; x_wconf 49' lang='lat' dir='ltr'>flerat</span> <span class='ocrx_word' id='word_1_239' title='bbox 534 3221 602 3279; x_wconf 86' lang='lat' dir='ltr'>lata</span> <span class='ocrx_word' id='word_1_240' title='bbox 615 3218 839 3297; x_wconf 61' lang='lat' dir='ltr'>(meleteniam)</span> <span class='ocrx_word' id='word_1_241' title='bbox 856 3220 892 3274; x_wconf 77' lang='lat' dir='ltr'>ia</span> 
     </span>
     <span class='ocr_line' id='line_1_29' title="bbox 248 3299 893 3376; baseline -0.002 -21"><span class='ocrx_word' id='word_1_242' title='bbox 248 3300 333 3373; x_wconf 72' lang='lat' dir='ltr'>facto</span> <span class='ocrx_word' id='word_1_243' title='bbox 357 3315 437 3366; x_wconf 78' lang='lat' dir='ltr'>esse,</span> <span class='ocrx_word' id='word_1_244' title='bbox 461 3317 570 3376; x_wconf 88' lang='lat' dir='ltr'>nempe</span> <span class='ocrx_word' id='word_1_245' title='bbox 592 3303 628 3358; x_wconf 83' lang='lat' dir='ltr'>z&#39;a</span> <span class='ocrx_word' id='word_1_246' title='bbox 655 3299 781 3356; x_wconf 75' lang='lat' dir='ltr'>Christo</span> <span class='ocrx_word' id='word_1_247' title='bbox 805 3307 835 3356; x_wconf 87' lang='lat' dir='ltr'>et</span> <span class='ocrx_word' id='word_1_248' title='bbox 856 3302 893 3356; x_wconf 83' lang='lat' dir='ltr'>ia</span> 
     </span>
     <span class='ocr_line' id='line_1_30' title="bbox 247 3377 890 3458; baseline 0.003 -22"><span class='ocrx_word' id='word_1_249' title='bbox 247 3379 400 3438; x_wconf 76' lang='lat' dir='ltr'>Ecclesia</span> <span class='ocrx_word' id='word_1_250' title='bbox 422 3378 487 3458; x_wconf 79' lang='lat' dir='ltr'>(Aa</span> <span class='ocrx_word' id='word_1_251' title='bbox 509 3380 643 3455; x_wconf 79' lang='lat' dir='ltr'>Ephes,</span> <span class='ocrx_word' id='word_1_252' title='bbox 667 3381 703 3452; x_wconf 88' lang='lat' dir='ltr'>V,</span> <span class='ocrx_word' id='word_1_253' title='bbox 727 3377 782 3450; x_wconf 73' lang='lat'>323</span> <span class='ocrx_word' id='word_1_254' title='bbox 806 3378 840 3438; x_wconf 82' lang='lat' dir='ltr'>(l.</span> <span class='ocrx_word' id='word_1_255' title='bbox 861 3381 890 3449; x_wconf 89' lang='lat'>5,</span> 
     </span>
     <span class='ocr_line' id='line_1_31' title="bbox 248 3458 475 3538; baseline 0.009 -22"><span class='ocrx_word' id='word_1_256' title='bbox 248 3458 295 3518; x_wconf 83' lang='lat' dir='ltr'>Dc</span> <span class='ocrx_word' id='word_1_257' title='bbox 318 3459 475 3538; x_wconf 77' lang='lat' dir='ltr'>Riperm.).</span> 
     </span>
    </p>

    <p class='ocr_par' dir='ltr' id='par_1_10' title="bbox 248 3537 895 3929">
     <span class='ocr_line' id='line_1_32' title="bbox 294 3537 891 3618; baseline 0.005 -23"><span class='ocrx_word' id='word_1_258' title='bbox 294 3537 373 3618; x_wconf 89' lang='grc'>,(11)</span> <span class='ocrx_word' id='word_1_259' title='bbox 388 3539 544 3600; x_wconf 78' lang='lat' dir='ltr'>Gulielmo</span> <span class='ocrx_word' id='word_1_260' title='bbox 559 3539 663 3599; x_wconf 86' lang='lat' dir='ltr'>Paris.</span> <span class='ocrx_word' id='word_1_261' title='bbox 676 3539 720 3617; x_wconf 85' lang='lat' dir='ltr'>(h.</span> <span class='ocrx_word' id='word_1_262' title='bbox 732 3537 810 3608; x_wconf 82' lang='lat' dir='ltr'>t.,O.</span> <span class='ocrx_word' id='word_1_263' title='bbox 823 3537 891 3616; x_wconf 91' lang='lat' dir='ltr'>IX),</span> 
     </span>
     <span class='ocr_line' id='line_1_33' title="bbox 248 3618 895 3696; baseline -0.002 -18"><span class='ocrx_word' id='word_1_264' title='bbox 248 3619 359 3678; x_wconf 88' lang='lat' dir='ltr'>Palud.</span> <span class='ocrx_word' id='word_1_265' title='bbox 384 3627 416 3679; x_wconf 90' lang='lat' dir='ltr'>et</span> <span class='ocrx_word' id='word_1_266' title='bbox 437 3629 506 3696; x_wconf 89' lang='lat' dir='ltr'>post</span> <span class='ocrx_word' id='word_1_267' title='bbox 527 3621 668 3680; x_wconf 91' lang='lat' dir='ltr'>Trident.</span> <span class='ocrx_word' id='word_1_268' title='bbox 695 3618 790 3687; x_wconf 79' lang='lat' dir='ltr'>(lano,</span> <span class='ocrx_word' id='word_1_269' title='bbox 808 3619 895 3677; x_wconf 87' lang='lat' dir='ltr'>aliis-</span> 
     </span>
     <span class='ocr_line' id='line_1_34' title="bbox 249 3697 892 3778; baseline -0.002 -21"><span class='ocrx_word' id='word_1_270' title='bbox 249 3717 306 3773; x_wconf 88' lang='lat' dir='ltr'>que</span> <span class='ocrx_word' id='word_1_271' title='bbox 314 3699 454 3774; x_wconf 88' lang='lat' dir='ltr'>pluribus</span> <span class='ocrx_word' id='word_1_272' title='bbox 463 3697 652 3759; x_wconf 88' lang='lat' dir='ltr'>doctissimis</span> <span class='ocrx_word' id='word_1_273' title='bbox 659 3699 710 3778; x_wconf 80' lang='lat' dir='ltr'>(V.</span> <span class='ocrx_word' id='word_1_274' title='bbox 719 3699 793 3757; x_wconf 88' lang='lat' dir='ltr'>Ben.</span> <span class='ocrx_word' id='word_1_275' title='bbox 806 3699 892 3770; x_wconf 87' lang='lat' dir='ltr'>XIV,</span> 
     </span>
     <span class='ocr_line' id='line_1_35' title="bbox 248 3779 895 3858; baseline -0.003 -20"><span class='ocrx_word' id='word_1_276' title='bbox 248 3779 295 3839; x_wconf 90' lang='lat' dir='ltr'>De</span> <span class='ocrx_word' id='word_1_277' title='bbox 317 3779 412 3853; x_wconf 68' lang='lat' dir='ltr'>Spa„</span> <span class='ocrx_word' id='word_1_278' title='bbox 431 3780 487 3851; x_wconf 86' lang='lat' dir='ltr'>IX,</span> <span class='ocrx_word' id='word_1_279' title='bbox 507 3779 568 3858; x_wconf 83' lang='lat'><strong>13).</strong></span> <span class='ocrx_word' id='word_1_280' title='bbox 587 3779 718 3839; x_wconf 86' lang='lat' dir='ltr'>Scilicet</span> <span class='ocrx_word' id='word_1_281' title='bbox 732 3779 895 3838; x_wconf 86' lang='lat' dir='ltr'>existima·</span> 
     </span>
     <span class='ocr_line' id='line_1_36' title="bbox 248 3859 895 3929; baseline -0.002 -12"><span class='ocrx_word' id='word_1_282' title='bbox 248 3861 335 3929; x_wconf 88' lang='lat' dir='ltr'>baut,</span> <span class='ocrx_word' id='word_1_283' title='bbox 360 3865 588 3920; x_wconf 87' lang='lat' dir='ltr'>sacramentum</span> <span class='ocrx_word' id='word_1_284' title='bbox 619 3859 651 3917; x_wconf 91' lang='lat' dir='ltr'>in</span> <span class='ocrx_word' id='word_1_285' title='bbox 682 3859 895 3918; x_wconf 90' lang='lat' dir='ltr'>benedictione</span> 
     </span>
    </p>
   </div>
   <div class='ocr_carea' id='block_1_6' title="bbox 173 3939 895 4016">
    <p class='ocr_par' dir='ltr' id='par_1_11' title="bbox 173 3939 895 4016">
     <span class='ocr_line' id='line_1_37' title="bbox 173 3939 895 4016; baseline 0.003 -20"><span class='ocrx_word' id='word_1_286' title='bbox 173 3981 176 3986; x_wconf 85' lang='lat'>-</span> <span class='ocrx_word' id='word_1_287' title='bbox 249 3939 384 4014; x_wconf 83' lang='lat' dir='ltr'>nuptiali</span> <span class='ocrx_word' id='word_1_288' title='bbox 403 3940 537 4016; x_wconf 90' lang='lat' dir='ltr'>positum</span> <span class='ocrx_word' id='word_1_289' title='bbox 551 3957 638 4012; x_wconf 78' lang='lat' dir='ltr'>esse3</span> <span class='ocrx_word' id='word_1_290' title='bbox 655 3939 781 4013; x_wconf 89' lang='lat' dir='ltr'>ideoque</span> <span class='ocrx_word' id='word_1_291' title='bbox 796 3939 895 4015; x_wconf 83' lang='lat' dir='ltr'>ipsam</span> 
     </span>
    </p>
   </div>
   <div class='ocr_carea' id='block_1_7' title="bbox 248 4019 896 4654">
    <p class='ocr_par' dir='ltr' id='par_1_12' title="bbox 248 4019 896 4409">
     <span class='ocr_line' id='line_1_38' title="bbox 248 4019 896 4088; baseline 0 -12"><span class='ocrx_word' id='word_1_292' title='bbox 248 4019 495 4078; x_wconf 88' lang='lat' dir='ltr'>benedictionem</span> <span class='ocrx_word' id='word_1_293' title='bbox 527 4021 707 4088; x_wconf 85' lang='lat' dir='ltr'>materiam,</span> <span class='ocrx_word' id='word_1_294' title='bbox 731 4020 824 4078; x_wconf 88' lang='lat' dir='ltr'>verba</span> <span class='ocrx_word' id='word_1_295' title='bbox 847 4020 896 4079; x_wconf 88' lang='lat' dir='ltr'>be-</span> 
     </span>
     <span class='ocr_line' id='line_1_39' title="bbox 250 4097 896 4168; baseline 0.003 -13"><span class='ocrx_word' id='word_1_296' title='bbox 250 4097 436 4159; x_wconf 86' lang='lat' dir='ltr'>nedictionis</span> <span class='ocrx_word' id='word_1_297' title='bbox 452 4099 595 4168; x_wconf 81' lang='lat' dir='ltr'>formam,</span> <span class='ocrx_word' id='word_1_298' title='bbox 613 4100 804 4158; x_wconf 85' lang='lat' dir='ltr'>sacerdotem</span> <span class='ocrx_word' id='word_1_299' title='bbox 821 4115 896 4157; x_wconf 87' lang='lat' dir='ltr'>vero</span> 
     </span>
     <span class='ocr_line' id='line_1_40' title="bbox 249 4179 896 4244; baseline 0.003 -8"><span class='ocrx_word' id='word_1_300' title='bbox 249 4179 483 4239; x_wconf 89' lang='lat' dir='ltr'>benedicentem</span> <span class='ocrx_word' id='word_1_301' title='bbox 505 4197 572 4239; x_wconf 90' lang='lat' dir='ltr'>esse</span> <span class='ocrx_word' id='word_1_302' title='bbox 597 4179 787 4238; x_wconf 87' lang='lat' dir='ltr'>ministrum.</span> <span class='ocrx_word' id='word_1_303' title='bbox 813 4179 896 4244; x_wconf 85' lang='lat' dir='ltr'>Quae</span> 
     </span>
     <span class='ocr_line' id='line_1_41' title="bbox 250 4257 896 4396; baseline 0.002 -81"><span class='ocrx_word' id='word_1_304' title='bbox 250 4257 396 4396; x_wconf 66' lang='lat' dir='ltr'>gootrina</span> <span class='ocrx_word' id='word_1_305' title='bbox 410 4260 501 4318; x_wconf 93' lang='lat' dir='ltr'>hodie</span> <span class='ocrx_word' id='word_1_306' title='bbox 516 4261 663 4318; x_wconf 87' lang='lat' dir='ltr'>damnata</span> <span class='ocrx_word' id='word_1_307' title='bbox 681 4265 729 4318; x_wconf 88' lang='lat' dir='ltr'>est</span> <span class='ocrx_word' id='word_1_308' title='bbox 742 4259 896 4339; x_wconf 62' lang='lat' dir='ltr'>(Syllam,</span> 
     </span>
     <span class='ocr_line' id='line_1_42' title="bbox 270 4338 389 4409; baseline 0.008 -13"><span class='ocrx_word' id='word_1_309' title='bbox 270 4338 301 4409; x_wconf 80' lang='lat'>7,</span> <span class='ocrx_word' id='word_1_310' title='bbox 325 4338 389 4397; x_wconf 88' lang='grc'>73.</span> 
     </span>
    </p>

    <p class='ocr_par' dir='ltr' id='par_1_13' title="bbox 325 4338 892 4496">
     <span class='ocr_line' id='line_1_43' title="bbox 325 4338 892 4496; baseline 0.007 -21"><span class='ocrx_word' id='word_1_311' title='bbox 325 4338 378 4496; x_wconf 58' lang='lat' dir='ltr'>lm)</span> <span class='ocrx_word' id='word_1_312' title='bbox 396 4416 459 4477; x_wconf 89' lang='lat' dir='ltr'>Leo</span> <span class='ocrx_word' id='word_1_313' title='bbox 474 4417 562 4491; x_wconf 90' lang='lat' dir='ltr'>XIII,</span> <span class='ocrx_word' id='word_1_314' title='bbox 580 4419 687 4479; x_wconf 85' lang='lat' dir='ltr'>Const.</span> <span class='ocrx_word' id='word_1_315' title='bbox 705 4421 892 4479; x_wconf 80' lang='lat' dir='ltr'>Arcanum.</span> 
     </span>
    </p>

    <p class='ocr_par' dir='ltr' id='par_1_14' title="bbox 255 4498 895 4654">
     <span class='ocr_line' id='line_1_44' title="bbox 324 4498 895 4578; baseline 0.002 -22"><span class='ocrx_word' id='word_1_316' title='bbox 324 4498 374 4578; x_wconf 90' lang='grc'>13)</span> <span class='ocrx_word' id='word_1_317' title='bbox 396 4499 471 4558; x_wconf 90' lang='lat' dir='ltr'>Pius</span> <span class='ocrx_word' id='word_1_318' title='bbox 492 4500 578 4571; x_wconf 88' lang='lat' dir='ltr'>VIII,</span> <span class='ocrx_word' id='word_1_319' title='bbox 602 4501 746 4575; x_wconf 82' lang='lat' dir='ltr'>Eueyel.,</span> <span class='ocrx_word' id='word_1_320' title='bbox 776 4500 895 4557; x_wconf 79' lang='lat' dir='ltr'>Hami-</span> 
     </span>
     <span class='ocr_line' id='line_1_45' title="bbox 255 4579 895 4654; baseline 0.002 -17"><span class='ocrx_word' id='word_1_321' title='bbox 255 4581 354 4648; x_wconf 67' lang='lat' dir='ltr'>lr&#39;tatz,</span> <span class='ocrx_word' id='word_1_322' title='bbox 375 4579 414 4638; x_wconf 80' lang='lat'>24</span> <span class='ocrx_word' id='word_1_323' title='bbox 436 4579 512 4638; x_wconf 87' lang='lat' dir='ltr'>hlaii</span> <span class='ocrx_word' id='word_1_324' title='bbox 546 4580 634 4639; x_wconf 85' lang='lat'><strong>1829.</strong></span> <span class='ocrx_word' id='word_1_325' title='bbox 665 4579 753 4647; x_wconf 86' lang='lat' dir='ltr'>Quin·</span> <span class='ocrx_word' id='word_1_326' title='bbox 776 4580 895 4654; x_wconf 87' lang='lat' dir='ltr'>aliquid</span> 
     </span>
    </p>
   </div>
   <div class='ocr_carea' id='block_1_8' title="bbox 944 2819 1594 4575">
    <p class='ocr_par' dir='ltr' id='par_1_15' title="bbox 944 2819 1591 3362">
     <span class='ocr_line' id='line_1_46' title="bbox 945 2819 1588 2896; baseline 0.006 -20"><span class='ocrx_word' id='word_1_327' title='bbox 945 2837 1042 2877; x_wconf 89' lang='lat' dir='ltr'>novae</span> <span class='ocrx_word' id='word_1_328' title='bbox 1073 2819 1267 2878; x_wconf 87' lang='lat' dir='ltr'>difficultatis</span> <span class='ocrx_word' id='word_1_329' title='bbox 1299 2821 1328 2878; x_wconf 90' lang='lat' dir='ltr'>ei</span> <span class='ocrx_word' id='word_1_330' title='bbox 1356 2822 1588 2896; x_wconf 87' lang='lat' dir='ltr'>superadditum</span> 
     </span>
     <span class='ocr_line' id='line_1_47' title="bbox 946 2898 1586 2977; baseline 0.005 -18"><span class='ocrx_word' id='word_1_331' title='bbox 946 2901 988 2959; x_wconf 87' lang='lat' dir='ltr'>sit</span> <span class='ocrx_word' id='word_1_332' title='bbox 1002 2898 1113 2977; x_wconf 86' lang='lat' dir='ltr'>(Lugc,</span> <span class='ocrx_word' id='word_1_333' title='bbox 1128 2900 1174 2958; x_wconf 88' lang='lat' dir='ltr'>De</span> <span class='ocrx_word' id='word_1_334' title='bbox 1188 2901 1331 2968; x_wconf 68' lang='lat' dir='ltr'>Poenae,</span> <span class='ocrx_word' id='word_1_335' title='bbox 1341 2900 1427 2969; x_wconf 88' lang='lat' dir='ltr'>XIV,</span> <span class='ocrx_word' id='word_1_336' title='bbox 1443 2918 1462 2958; x_wconf 88' lang='lat' dir='ltr'>a</span> <span class='ocrx_word' id='word_1_337' title='bbox 1476 2919 1505 2958; x_wconf 89' lang='lat' dir='ltr'>n.</span> <span class='ocrx_word' id='word_1_338' title='bbox 1518 2901 1586 2971; x_wconf 89' lang='lat'>116,</span> 
     </span>
     <span class='ocr_line' id='line_1_48' title="bbox 944 2979 1590 3058; baseline 0.003 -20"><span class='ocrx_word' id='word_1_339' title='bbox 944 2981 1068 3038; x_wconf 91' lang='lat' dir='ltr'>omniuo</span> <span class='ocrx_word' id='word_1_340' title='bbox 1091 2979 1260 3058; x_wconf 85' lang='lat' dir='ltr'>legendus).</span> <span class='ocrx_word' id='word_1_341' title='bbox 1279 2983 1362 3040; x_wconf 89' lang='lat' dir='ltr'>Haec</span> <span class='ocrx_word' id='word_1_342' title='bbox 1378 2981 1477 3056; x_wconf 82' lang='lat' dir='ltr'>igitur</span> <span class='ocrx_word' id='word_1_343' title='bbox 1490 2981 1590 3042; x_wconf 87' lang='lat' dir='ltr'>distat</span> 
     </span>
     <span class='ocr_line' id='line_1_49' title="bbox 945 3059 1590 3120; baseline 0.006 -4"><span class='ocrx_word' id='word_1_344' title='bbox 945 3061 1029 3117; x_wconf 91' lang='lat' dir='ltr'>inter</span> <span class='ocrx_word' id='word_1_345' title='bbox 1049 3063 1250 3120; x_wconf 86' lang='lat' dir='ltr'>matrimonia</span> <span class='ocrx_word' id='word_1_346' title='bbox 1273 3059 1443 3120; x_wconf 85' lang='lat' dir='ltr'>infidelium</span> <span class='ocrx_word' id='word_1_347' title='bbox 1465 3067 1497 3119; x_wconf 90' lang='lat' dir='ltr'>et</span> <span class='ocrx_word' id='word_1_348' title='bbox 1516 3061 1590 3120; x_wconf 86' lang='lat' dir='ltr'>fide·</span> 
     </span>
     <span class='ocr_line' id='line_1_50' title="bbox 944 3139 1591 3217; baseline 0.002 -18"><span class='ocrx_word' id='word_1_349' title='bbox 944 3139 1033 3208; x_wconf 92' lang='lat' dir='ltr'>lium,</span> <span class='ocrx_word' id='word_1_350' title='bbox 1056 3141 1134 3214; x_wconf 91' lang='lat' dir='ltr'>quod</span> <span class='ocrx_word' id='word_1_351' title='bbox 1157 3139 1241 3202; x_wconf 90' lang='lat' dir='ltr'>inter</span> <span class='ocrx_word' id='word_1_352' title='bbox 1271 3158 1380 3217; x_wconf 86' lang='lat' dir='ltr'>corpus</span> <span class='ocrx_word' id='word_1_353' title='bbox 1401 3157 1530 3216; x_wconf 86' lang='lat' dir='ltr'>opacum</span> <span class='ocrx_word' id='word_1_354' title='bbox 1558 3147 1591 3200; x_wconf 86' lang='lat' dir='ltr'>et</span> 
     </span>
     <span class='ocr_line' id='line_1_51' title="bbox 945 3220 1591 3297; baseline 0.003 -19"><span class='ocrx_word' id='word_1_355' title='bbox 945 3220 1142 3292; x_wconf 90' lang='lat' dir='ltr'>luminosum,</span> <span class='ocrx_word' id='word_1_356' title='bbox 1160 3223 1237 3296; x_wconf 91' lang='lat' dir='ltr'>quod</span> <span class='ocrx_word' id='word_1_357' title='bbox 1260 3223 1343 3281; x_wconf 87' lang='lat' dir='ltr'>inter</span> <span class='ocrx_word' id='word_1_358' title='bbox 1357 3220 1474 3279; x_wconf 85' lang='lat' dir='ltr'>ferrum</span> <span class='ocrx_word' id='word_1_359' title='bbox 1498 3220 1591 3297; x_wconf 79' lang='lat' dir='ltr'>frigi·</span> 
     </span>
     <span class='ocr_line' id='line_1_52' title="bbox 945 3301 1402 3362; baseline -0.004 -4"><span class='ocrx_word' id='word_1_360' title='bbox 945 3301 1015 3358; x_wconf 91' lang='lat' dir='ltr'>dum</span> <span class='ocrx_word' id='word_1_361' title='bbox 1038 3305 1070 3358; x_wconf 91' lang='lat' dir='ltr'>et</span> <span class='ocrx_word' id='word_1_362' title='bbox 1091 3302 1271 3362; x_wconf 90' lang='lat' dir='ltr'>candentem</span> <span class='ocrx_word' id='word_1_363' title='bbox 1293 3301 1402 3361; x_wconf 87' lang='lat' dir='ltr'>distat.</span> 
     </span>
    </p>

    <p class='ocr_par' dir='ltr' id='par_1_16' title="bbox 946 3378 1593 4098">
     <span class='ocr_line' id='line_1_53' title="bbox 1006 3378 1591 3458; baseline 0 -20"><span class='ocrx_word' id='word_1_364' title='bbox 1006 3378 1070 3458; x_wconf 86' lang='grc'>(14)</span> <span class='ocrx_word' id='word_1_365' title='bbox 1092 3379 1167 3438; x_wconf 87' lang='lat' dir='ltr'>Pius</span> <span class='ocrx_word' id='word_1_366' title='bbox 1194 3382 1251 3452; x_wconf 87' lang='lat' dir='ltr'>IX,</span> <span class='ocrx_word' id='word_1_367' title='bbox 1275 3383 1350 3442; x_wconf 86' lang='lat' dir='ltr'>Eue.</span> <span class='ocrx_word' id='word_1_368' title='bbox 1376 3381 1427 3438; x_wconf 84' lang='lat' dir='ltr'>Ad</span> <span class='ocrx_word' id='word_1_369' title='bbox 1457 3379 1591 3455; x_wconf 82' lang='lat' dir='ltr'>Aposto-</span> 
     </span>
     <span class='ocr_line' id='line_1_54' title="bbox 948 3459 1592 3536; baseline 0 -18"><span class='ocrx_word' id='word_1_370' title='bbox 948 3462 1041 3529; x_wconf 84' lang='lat' dir='ltr'>lr&#39;cae‚</span> <span class='ocrx_word' id='word_1_371' title='bbox 1065 3459 1152 3520; x_wconf 73' lang='lat'>1851.</span> <span class='ocrx_word' id='word_1_372' title='bbox 1178 3461 1285 3536; x_wconf 88' lang='lat' dir='ltr'>ltaque</span> <span class='ocrx_word' id='word_1_373' title='bbox 1305 3461 1333 3520; x_wconf 89' lang='lat' dir='ltr'>si</span> <span class='ocrx_word' id='word_1_374' title='bbox 1355 3459 1592 3520; x_wconf 86' lang='lat' dir='ltr'>matrimonium</span> 
     </span>
     <span class='ocr_line' id='line_1_55' title="bbox 946 3539 1592 3611; baseline -0.002 -13"><span class='ocrx_word' id='word_1_375' title='bbox 946 3545 1005 3608; x_wconf 89' lang='lat' dir='ltr'>est,</span> <span class='ocrx_word' id='word_1_376' title='bbox 1023 3546 1250 3600; x_wconf 87' lang='lat' dir='ltr'>sacramentum</span> <span class='ocrx_word' id='word_1_377' title='bbox 1266 3546 1326 3611; x_wconf 88' lang='lat' dir='ltr'>est,</span> <span class='ocrx_word' id='word_1_378' title='bbox 1343 3541 1405 3600; x_wconf 85' lang='lat' dir='ltr'>etei</span> <span class='ocrx_word' id='word_1_379' title='bbox 1426 3539 1525 3598; x_wconf 88' lang='lat' dir='ltr'>nolint</span> <span class='ocrx_word' id='word_1_380' title='bbox 1542 3557 1592 3598; x_wconf 88' lang='lat' dir='ltr'>sa·</span> 
     </span>
     <span class='ocr_line' id='line_1_56' title="bbox 947 3619 1592 3695; baseline 0 -17"><span class='ocrx_word' id='word_1_381' title='bbox 947 3626 1139 3679; x_wconf 84' lang='lat' dir='ltr'>crementum</span> <span class='ocrx_word' id='word_1_382' title='bbox 1155 3621 1258 3680; x_wconf 85' lang='lat' dir='ltr'>faeere</span> <span class='ocrx_word' id='word_1_383' title='bbox 1273 3621 1326 3695; x_wconf 91' lang='lat' dir='ltr'>qui</span> <span class='ocrx_word' id='word_1_384' title='bbox 1354 3619 1592 3679; x_wconf 86' lang='lat' dir='ltr'>matrimonium</span> 
     </span>
     <span class='ocr_line' id='line_1_57' title="bbox 948 3699 1592 3781; baseline -0.003 -23"><span class='ocrx_word' id='word_1_385' title='bbox 948 3699 1152 3760; x_wconf 84' lang='lat' dir='ltr'>contrahunt:</span> <span class='ocrx_word' id='word_1_386' title='bbox 1169 3707 1201 3761; x_wconf 89' lang='lat' dir='ltr'>et</span> <span class='ocrx_word' id='word_1_387' title='bbox 1224 3702 1250 3759; x_wconf 90' lang='lat' dir='ltr'>si</span> <span class='ocrx_word' id='word_1_388' title='bbox 1271 3708 1393 3760; x_wconf 85' lang='lat' dir='ltr'>nonest</span> <span class='ocrx_word' id='word_1_389' title='bbox 1415 3715 1592 3781; x_wconf 85' lang='lat' dir='ltr'>sacramen·</span> 
     </span>
     <span class='ocr_line' id='line_1_58' title="bbox 946 3778 1593 3854; baseline 0 -16"><span class='ocrx_word' id='word_1_390' title='bbox 946 3785 1024 3851; x_wconf 88' lang='lat' dir='ltr'>tum,</span> <span class='ocrx_word' id='word_1_391' title='bbox 1049 3781 1282 3840; x_wconf 88' lang='lat' dir='ltr'>matrimonium</span> <span class='ocrx_word' id='word_1_392' title='bbox 1305 3797 1342 3839; x_wconf 87' lang='lat' dir='ltr'>ne</span> <span class='ocrx_word' id='word_1_393' title='bbox 1364 3778 1504 3854; x_wconf 81' lang='lat' dir='ltr'>intelligi</span> <span class='ocrx_word' id='word_1_394' title='bbox 1524 3780 1593 3853; x_wconf 89' lang='lat' dir='ltr'>qui-</span> 
     </span>
     <span class='ocr_line' id='line_1_59' title="bbox 947 3858 1593 3936; baseline -0.006 -16"><span class='ocrx_word' id='word_1_395' title='bbox 947 3863 1015 3920; x_wconf 91' lang='lat' dir='ltr'>dem</span> <span class='ocrx_word' id='word_1_396' title='bbox 1039 3861 1152 3935; x_wconf 87' lang='lat' dir='ltr'>potest,</span> <span class='ocrx_word' id='word_1_397' title='bbox 1176 3862 1236 3919; x_wconf 91' lang='lat' dir='ltr'>etsi</span> <span class='ocrx_word' id='word_1_398' title='bbox 1268 3867 1376 3936; x_wconf 88' lang='lat' dir='ltr'>partes</span> <span class='ocrx_word' id='word_1_399' title='bbox 1403 3858 1504 3918; x_wconf 90' lang='lat' dir='ltr'>velint</span> <span class='ocrx_word' id='word_1_400' title='bbox 1526 3877 1593 3916; x_wconf 85' lang='lat' dir='ltr'>ma·</span> 
     </span>
     <span class='ocr_line' id='line_1_60' title="bbox 947 3938 1591 4098; baseline -0.003 -98"><span class='ocrx_word' id='word_1_401' title='bbox 947 3942 1129 4098; x_wconf 74' lang='lat' dir='ltr'>trimo)nium</span> <span class='ocrx_word' id='word_1_402' title='bbox 1161 3941 1346 4000; x_wconf 87' lang='lat' dir='ltr'>contrahere</span> <span class='ocrx_word' id='word_1_403' title='bbox 1376 3939 1506 4021; x_wconf 66' lang='lat' dir='ltr'>(Pirum,</span> <span class='ocrx_word' id='word_1_404' title='bbox 1534 3938 1591 4010; x_wconf 90' lang='lat' dir='ltr'>IV,</span> 
     </span>
     <span class='ocr_line' id='line_1_61' title="bbox 948 4021 1061 4093; baseline -0.009 -14"><span class='ocrx_word' id='word_1_405' title='bbox 948 4021 974 4093; x_wconf 95' lang='lat' dir='ltr'>l,</span> <span class='ocrx_word' id='word_1_406' title='bbox 997 4022 1061 4079; x_wconf 82' lang='lat'>74.</span> 
     </span>
    </p>

    <p class='ocr_par' dir='ltr' id='par_1_17' title="bbox 948 4098 1594 4575">
     <span class='ocr_line' id='line_1_62' title="bbox 1007 4098 1593 4181; baseline -0.007 -23"><span class='ocrx_word' id='word_1_407' title='bbox 1007 4099 1073 4181; x_wconf 85' lang='grc'>(15)</span> <span class='ocrx_word' id='word_1_408' title='bbox 1094 4099 1259 4172; x_wconf 88' lang='lat' dir='ltr'>Bellarm.,</span> <span class='ocrx_word' id='word_1_409' title='bbox 1283 4101 1313 4158; x_wconf 79' lang='lat' dir='ltr'>h.</span> <span class='ocrx_word' id='word_1_410' title='bbox 1333 4098 1496 4170; x_wconf 83' lang='lat' dir='ltr'>t.,1,V11;</span> <span class='ocrx_word' id='word_1_411' title='bbox 1516 4098 1593 4156; x_wconf 86' lang='lat' dir='ltr'>Sen-</span> 
     </span>
     <span class='ocr_line' id='line_1_63' title="bbox 949 4177 1590 4258; baseline -0.003 -20"><span class='ocrx_word' id='word_1_412' title='bbox 949 4181 1034 4252; x_wconf 90' lang='lat' dir='ltr'>chez,</span> <span class='ocrx_word' id='word_1_413' title='bbox 1059 4183 1090 4239; x_wconf 86' lang='lat' dir='ltr'>h.</span> <span class='ocrx_word' id='word_1_414' title='bbox 1115 4187 1136 4239; x_wconf 90' lang='lat' dir='ltr'>t.</span> <span class='ocrx_word' id='word_1_415' title='bbox 1160 4180 1221 4257; x_wconf 89' lang='lat' dir='ltr'>(Dc</span> <span class='ocrx_word' id='word_1_416' title='bbox 1242 4179 1419 4258; x_wconf 64' lang='lat' dir='ltr'>Metram),</span> <span class='ocrx_word' id='word_1_417' title='bbox 1440 4177 1482 4248; x_wconf 92' lang='lat' dir='ltr'>II,</span> <span class='ocrx_word' id='word_1_418' title='bbox 1505 4178 1590 4251; x_wconf 86' lang='lat' dir='ltr'>V,6;</span> 
     </span>
     <span class='ocr_line' id='line_1_64' title="bbox 948 4260 1592 4333; baseline -0.003 -14"><span class='ocrx_word' id='word_1_419' title='bbox 948 4261 1004 4333; x_wconf 82' lang='lat' dir='ltr'>Vl,</span> <span class='ocrx_word' id='word_1_420' title='bbox 1027 4261 1056 4322; x_wconf 79' lang='lat'>2.</span> <span class='ocrx_word' id='word_1_421' title='bbox 1071 4261 1155 4320; x_wconf 89' lang='lat' dir='ltr'>Idest</span> <span class='ocrx_word' id='word_1_422' title='bbox 1176 4262 1311 4320; x_wconf 85' lang='lat' dir='ltr'>materie</span> <span class='ocrx_word' id='word_1_423' title='bbox 1331 4263 1452 4319; x_wconf 87' lang='lat' dir='ltr'>remote</span> <span class='ocrx_word' id='word_1_424' title='bbox 1473 4261 1522 4316; x_wconf 90' lang='lat' dir='ltr'>est</span> <span class='ocrx_word' id='word_1_425' title='bbox 1543 4260 1592 4317; x_wconf 88' lang='lat' dir='ltr'>ius</span> 
     </span>
     <span class='ocr_line' id='line_1_65' title="bbox 949 4339 1594 4418; baseline -0.008 -18"><span class='ocrx_word' id='word_1_426' title='bbox 949 4343 980 4400; x_wconf 92' lang='lat' dir='ltr'>iu</span> <span class='ocrx_word' id='word_1_427' title='bbox 1006 4356 1153 4418; x_wconf 86' lang='lat' dir='ltr'>eorpore;</span> <span class='ocrx_word' id='word_1_428' title='bbox 1176 4339 1277 4399; x_wconf 83' lang='lat' dir='ltr'>forma</span> <span class='ocrx_word' id='word_1_429' title='bbox 1307 4345 1378 4400; x_wconf 87' lang='lat' dir='ltr'>sunt</span> <span class='ocrx_word' id='word_1_430' title='bbox 1408 4340 1516 4410; x_wconf 84' lang='lat' dir='ltr'>verba,</span> <span class='ocrx_word' id='word_1_431' title='bbox 1539 4357 1594 4396; x_wconf 93' lang='lat' dir='ltr'>nu·</span> 
     </span>
     <span class='ocr_line' id='line_1_66' title="bbox 948 4418 1593 4496; baseline -0.008 -15"><span class='ocrx_word' id='word_1_432' title='bbox 948 4430 1010 4488; x_wconf 86' lang='lat' dir='ltr'>tue,</span> <span class='ocrx_word' id='word_1_433' title='bbox 1034 4427 1109 4492; x_wconf 77' lang='lat' dir='ltr'>etc,</span> <span class='ocrx_word' id='word_1_434' title='bbox 1139 4421 1247 4496; x_wconf 89' lang='lat' dir='ltr'>quihus</span> <span class='ocrx_word' id='word_1_435' title='bbox 1278 4437 1442 4480; x_wconf 88' lang='lat' dir='ltr'>consensus</span> <span class='ocrx_word' id='word_1_436' title='bbox 1473 4418 1593 4493; x_wconf 87' lang='lat' dir='ltr'>signifi·</span> 
     </span>
     <span class='ocr_line' id='line_1_67' title="bbox 949 4500 1321 4575; baseline -0.005 -16"><span class='ocrx_word' id='word_1_437' title='bbox 949 4505 1039 4560; x_wconf 88' lang='lat' dir='ltr'>catur</span> <span class='ocrx_word' id='word_1_438' title='bbox 1065 4502 1149 4560; x_wconf 87' lang='lat' dir='ltr'>ultro</span> <span class='ocrx_word' id='word_1_439' title='bbox 1171 4500 1321 4575; x_wconf 88' lang='lat' dir='ltr'>citroque.</span> 
     </span>
    </p>
   </div>
   <div class='ocr_carea' id='block_1_9' title="bbox 0 0 1783 5124">
    <p class='ocr_par' dir='ltr' id='par_1_18' title="bbox 0 0 1783 5124">
     <span class='ocr_line' id='line_1_68' title="bbox 0 0 1783 5124; baseline 0 0"><span class='ocrx_word' id='word_1_440' title='bbox 0 0 1783 5124; x_wconf 95' lang='lat' dir='ltr'> </span> 
     </span>
    </p>
   </div>
  </div>
 </body>
</html>
