3536 5124
270 242 334 312 518
404 265 493 311 traua
518 267 563 312 m.
583 281 604 294 -
620 265 736 311 rnncr.
763 267 809 311 m.
837 267 901 312 rm.
928 266 962 311 n.
991 267 1030 310 ns
1055 261 1223 312 nuruncrrs
1247 265 1475 311 rosmrsrrmc

272 367 326 436 bis
348 387 484 458 quoque
514 367 644 436 servari
678 367 793 456 cupit,
825 387 913 458 quae
944 367 1139 437 clausuram
1164 389 1235 438 non
1260 369 1406 455 babent;
1440 367 1548 438 immo
1573 370 1610 438 in

271 473 546 565 quibuscumque
562 473 761 560 mulierum,
780 480 816 543 et
832 473 1023 564 puellarum
1047 494 1117 542 una
1142 473 1340 544 viventium
1365 473 1531 561 coetibus,
1549 495 1611 545 seu

272 579 560 666 conservatoriis,
585 601 674 672 quae
698 580 841 650 unicum
865 579 1079 650 ordinarium
1103 579 1339 670 poenitentiae
1366 580 1567 652 ministrum
1591 605 1612 652 a

273 688 509 779 Superioribus
532 689 751 777 designatum
767 689 898 758 babent
916 686 998 776 (23).
1018 694 1127 770 Quem
1149 687 1277 757 idcirco
1293 685 1436 778 singulis
1451 687 1613 759 trienniis

273 795 514 864 renovandum
531 813 605 864 esse
630 799 661 864 S.
680 799 715 864 C.
735 801 801 864 Eu.
828 793 964 864 censuit
981 795 1063 884 (bl).
1090 793 1177 863 Huic
1201 800 1318 864 eutem
1342 795 1424 866 licet
1439 797 1495 866 vel
1511 802 1612 866 extra

273 901 594 986 conservatorium,
626 907 687 970 aut
716 900 967 970 monasterium
991 898 1148 970 confiteri
1175 899 1257 987 (⁶25).
1284 903 1328 968 At
1351 920 1435 971 vero
1458 901 1516 969 ubi
1540 921 1612 970 mo·

222 1069 225 1078 ,
273 1007 400 1093 niales,
433 1015 493 1077 aut
517 1008 679 1077 mulieres
702 1007 898 1078 huiusmodi
923 1007 960 1076 in
984 1005 1138 1076 eeclesiis
1161 1005 1318 1075 confiteri
1342 1009 1467 1094 solent,
1500 1008 1614 1078 cuivis

273 1114 370 1200 (alias
394 1115 594 1205 approbato)
619 1114 777 1185 confiteri
808 1123 952 1204 possunt
978 1113 1082 1206 (quod
1105 1113 1356 1184 consuetudine
1380 1124 1434 1184 est
1457 1115 1613 1185 introdu-

272 1224 381 1310 ctum)
407 1223 569 1314 quamvis
591 1221 805 1292 ordinarium
829 1223 1063 1291 confessorem
1094 1221 1246 1289 habeant
1268 1224 1312 1290 ab
1335 1224 1502 1312 Episcopo
1524 1221 1613 1293 desi-

273 1335 417 1418 gnatum
437 1331 518 1418 (26).
537 1331 769 1413 Quamobrem
793 1329 835 1398 de
859 1327 1134 1399 extraordinario
1157 1327 1207 1398 eis
1229 1327 1405 1399 offerendo
1427 1329 1613 1401 sollicitum

274 1456 347 1505 esse
372 1437 463 1505 haud
487 1441 634 1527 oportet.

332 1545 408 1613 375.
436 1547 501 1612 Sed
525 1547 697 1614 nesciris
720 1542 933 1634 regularibus
956 1543 1037 1612 licet
1053 1541 1210 1612 confiteri
1234 1549 1333 1613 extra
1349 1543 1515 1615 Ordinem
1531 1547 1608 1615 sine

274 1667 444 1719 consensu
469 1670 610 1718 suorum
636 1649 882 1719 praelator-um.
910 1651 1058 1718 Tentum
1083 1668 1163 1717 cum
1187 1669 1328 1738 peregre
1351 1657 1472 1740 agunt,
1489 1651 1517 1722 si
1539 1673 1611 1722 non

274 1755 404 1824 habent
426 1755 559 1825 socium
584 1758 640 1826 vel
664 1755 771 1826 alium
788 1755 1038 1826 confessarium
1055 1755 1106 1823 sui
1124 1755 1263 1824 Ordinis
1281 1757 1419 1846 (nempe
1435 1757 1613 1848 idoneum)

273 1859 355 1929 licet
381 1861 431 1930 eis
458 1861 571 1931 cuivis
601 1861 771 1933 sacerdoti
802 1861 980 1947 confiteri,
1013 1859 1052 1928 ut
1082 1867 1165 1929 ante
1194 1864 1299 1930 Cone.
1326 1863 1479 1932 trident.
1508 1869 1614 1956 ebruc

273 1967 349 2037 ideo
373 1969 437 2038 etsi
461 1967 505 2038 ab
527 1969 711 2040 Ordinario
734 1969 800 2039 loci
825 1990 897 2038 non
921 1967 966 2037 sit
989 1967 1197 2056 adprobatus
1220 1969 1264 2038 ad
1287 1971 1523 2042 confessiones
1553 1993 1614 2042 au·

273 2075 434 2164 diendas;
460 2095 551 2166 quoe
574 2077 860 2147 communissima
884 2077 1058 2146 sententia
1076 2082 1139 2146 est.
1160 2078 1224 2146 Sed
1240 2098 1260 2146 a
1276 2078 1412 2148 casibus
1428 2079 1463 2149 in
1480 2101 1522 2149 eo
1538 2081 1613 2151 loeo

274 2181 460 2251 reservatis
484 2181 519 2251 in
544 2201 611 2272 quo
635 2181 860 2267 confitentur,
886 2186 1128 2272 praeterquam
1153 2181 1197 2250 ab
1220 2204 1261 2252 eo
1288 2185 1347 2274 qui
1377 2185 1543 2254 facultate
1570 2186 1614 2256 ab

273 2286 323 2356 eis
346 2287 548 2356 absolvendi
572 2287 718 2377 praediti
742 2295 835 2372 sunt,
861 2287 992 2356 absolvi
1017 2307 1089 2356 non
1113 2295 1258 2377 possunt
1283 2291 1364 2379 (27).

333 2395 410 2464 576.
436 2393 680 2480 Confessariis,
715 2393 844 2464 nedum
877 2392 1101 2480 monialium,
1127 2393 1186 2463 sed
1209 2394 1364 2476 cuiusvis
1390 2395 1514 2466 domus
1537 2394 1613 2464 reli-

275 2497 402 2588 giosae,
432 2519 515 2568 cura
546 2499 692 2568 interior
714 2499 913 2569 animarum
937 2504 973 2567 et
996 2499 1231 2568 conscientiae
1261 2500 1452 2571 moderatio
1483 2501 1614 2571 credita

273 2609 326 2672 est
342 2603 514 2693 privative
530 2605 643 2695 quoad
665 2606 762 2676 alios.
782 2611 885 2674 Porro
909 2625 990 2673 eum
1015 2605 1051 2674 in
1075 2603 1253 2674 nonnullis
1269 2606 1611 2694 congregationibus

275 2711 521 2797 SocietatibuS,
548 2712 739 2798 institutis,
769 2731 830 2782 seu
858 2709 1063 2780 monialium
1095 2713 1270 2798 (votorum
1300 2711 1374 2781 sive
1405 2713 1613 2784 solemnium

275 2816 349 2890 sive
373 2817 595 2907 simplicium)
622 2839 683 2888 seu
707 2818 877 2902 virorum,
895 2816 1106 2906 professione
1130 2837 1171 2886 ac
1196 2818 1363 2906 regimine
1387 2820 1527 2909 penitus
1552 2821 1613 2891 lai-

274 2942 408 3008 corum,
427 2923 662 2993 moderatores
677 2944 717 2992 ao
735 2909 980 2994 moderatrices
1003 2921 1304 3010 (confessariorum
1323 2932 1505 3014 potestate,
1520 2947 1613 2998 novo

276 3031 367 3100 haud
382 3033 542 3120 exemplo
560 3031 643 3119 (28),
661 3033 836 3120 usurpata)
856 3029 1018 3099 intimam
1035 3030 1251 3100 subditorum
1269 3031 1504 3104 conscientiae
1520 3053 1615 3103 scru-

274 3135 457 3221 tationem,
474 3145 510 3206 et
526 3159 565 3207 ea
581 3159 670 3229 quae
686 3136 864 3227 pertinent
886 3137 929 3206 ed
951 3155 1070 3206 sacrae
1089 3137 1347 3207 communionis
1364 3139 1612 3230 frequentiam,

276 3249 312 3310 et
334 3240 505 3331 imprimis
527 3243 570 3311 ab
593 3264 633 3312 ea
658 3243 859 3333 probibendi
884 3262 945 3331 pro
968 3259 1029 3310 suo
1053 3241 1164 3310 lubitu
1188 3242 1242 3310 ius
1266 3243 1308 3310 ad
1332 3262 1369 3312 se
1393 3251 1612 3330 avocassent,

276 3349 398 3418 SSrirus
414 3356 453 3418 D.
474 3355 514 3418 N.
534 3355 600 3419 Leo
619 3357 679 3419 PP.
699 3355 786 3434 Xlll,
812 3349 855 3418 ad
879 3347 1074 3417 huiusmodi
1099 3348 1226 3418 abusus
1250 3349 1415 3420 radicitus
1438 3353 1614 3442 extirpan-

276 3455 348 3540 dos,
374 3456 533 3525 distincte
556 3455 605 3526 eis
633 3455 818 3546 probibuit,
845 3474 1008 3542 personas
1031 3453 1094 3524 sibi
1118 3455 1272 3524 subditas
1295 3457 1462 3525 inducere
1485 3462 1616 3528 directe

275 3561 328 3629 oet
352 3563 530 3648 indirecte,
556 3572 752 3650 praecepto,
779 3562 932 3645 consilio,
959 3566 1094 3646 timore,
1122 3566 1241 3646 mines,
1269 3572 1332 3631 aot
1354 3563 1536 3632 blanditiis
1566 3565 1616 3634 ud

276 3667 598 3756 rnootsestotionem
622 3672 853 3737 conscientiae
874 3667 939 3735 sibi
958 3669 1206 3756 peropendam
1226 3667 1305 3756 (29).
1327 3675 1382 3738 lus
1397 3675 1514 3739 eutem
1538 3689 1616 3758 per-

336 3942 917 4023 (23)13011,xrv‚0it.const.,§Por-
971 3955 1108 4032 obligat,
1132 3975 1188 4016 nee
1209 3961 1359 4034 probatur
1379 3960 1426 4039 (S.
1450 3962 1485 4022 (l.
1503 3963 1552 4036 Ε.,
1577 3961 1617 4025 10

277 4043 323 4093 νο,
344 4025 373 4082 3.
972 4035 1094 4107 Martii,
1117 4037 1157 4096 25
1178 4042 1210 4097 et
1230 4038 1270 4100 30
1294 4041 1395 4116 April.
1421 4039 1516 4114 1860,
1541 4043 1617 4102 Sca·

336 4103 401 4182 (24)
416 4105 448 4165 S.
462 4107 494 4165 G.
512 4107 562 4178 Ε.,
578 4105 617 4164 27
633 4104 718 4179 Sept.
738 4099 827 4174 1861;
845 4103 917 4162 Sca·
972 4114 1050 4186 vini,
1070 4116 1091 4174 l,
1109 4115 1163 4194 0,),

277 4183 356 4253 vm,
373 4183 431 4256 m,
444 4185 514 4248 393.
1025 4194 1091 4274 (er)
1113 4199 1489 4274 v.s.n1pn.‚v1,575.

303 4343 308 4355 ,
337 4263 402 4343 (25)
424 4267 457 4325 S·
475 4267 509 4327 Ο.
527 4265 576 4338 Ε.,
592 4266 632 4325 22
653 4263 917 4336 Ian.1847;sca-
1030 4275 1096 4356 (28)
1117 4279 1154 4337 v.
1172 4279 1207 4338 o.
1227 4278 1275 4348 lo,
1296 4279 1343 4339 ne
1365 4281 1491 4341 Poeno.
1509 4282 1617 4341 eene-

278 4345 357 4416 vmi‚
377 4345 398 4402 l.
414 4362 440 4405 c.
971 4359 1062 4414 miss.

336 4423 401 4505 (26)
422 4427 568 4498 ΒαΙΙεΓί,,
592 4429 629 4486 ad
654 4430 752 4505 Gury,
779 4426 820 4496 Il,
844 4425 916 4487 567·
1030 4433 1095 4515 (29)
1116 4435 1178 4496 Per
1200 4439 1232 4497 S.
1251 4438 1285 4498 G.
1303 4441 1353 4510 Ε.,
1372 4440 1410 4500 14
1425 4441 1497 4499 Dec.
1520 4439 1613 4502 1890.

278 4503 360 4570 Quae
370 4511 475 4566 eutem
485 4508 559 4567 olim
575 4508 679 4586 viguit
693 4510 918 4584 oper-itiocou·
970 4515 1034 4575 Eos
1064 4535 1138 4576 vero
1163 4521 1223 4594 qui
1243 4519 1287 4576 od
1309 4521 1344 4578 id
1367 4521 1525 4580 inducere
1553 4540 1617 4580 aar·

276 4587 436 4646 scientiae
461 4589 722 4664 Superior-issac,
751 4589 840 4648 bodie
862 4604 917 4646 nec
971 4596 1058 4666 dent,
1074 4597 1291 4674 Superioribus
1306 4601 1486 4671 maioribus,
1504 4600 1617 4676 hisque
