3536 5124
403 257 575 303 aerenum.
602 258 677 304 aar.
704 258 738 302 n.
767 257 805 300 us
828 255 1036 302 capraemons
1061 254 1247 300 cananeum
1429 233 1493 300 519

160 357 322 429 mittendi
355 358 410 426 vel
441 355 645 446 probibendi
676 375 855 426 accessum
882 355 926 425 ad
954 376 1089 426 sacram
1118 355 1282 444 synaxim
1313 355 1357 424 ad
1388 339 1499 424 solani

159 463 423 550 conlassariunr,
449 462 523 533 sive
547 463 763 532 ordinarium
787 461 862 532 sive
885 463 1215 545 extraordinarium,
1242 461 1415 550 pertinere
1442 461 1500 529 de·

160 569 326 658 claravit,
360 578 496 657 exceptu
527 589 612 638 casn
643 589 709 658 qno
741 569 887 658 aliquis,
918 578 993 658 post
1016 571 1180 638 altanum
1203 567 1501 637 sacramentalem

158 676 420 765 confessionem,
447 678 694 744 communitati
714 676 885 744 scandalo
908 675 1030 763 licerit,
1057 685 1121 746 ant
1142 695 1290 763 pravam
1314 683 1501 743 cateruam

160 786 303 872 culpam
324 786 534 872 patraverit,
558 782 666 850 donce
691 783 738 852 ad
759 785 995 870 poenitentiae
1016 792 1282 852 sacramentam
1306 781 1420 849 denno
1445 801 1501 850 ac-

161 894 309 960 cesserit.
330 887 497 978 Amplius,
523 888 551 956 si
575 887 652 978 quis
675 887 719 956 ad
742 907 877 956 sacram
901 887 1065 976 synaxim
1089 887 1316 978 frequentius,
1334 906 1440 976 quam
1456 906 1501 954 ex

162 994 413 1066 cousuetudine
437 999 499 1062 aut
521 993 647 1082 regulis
670 993 762 1078 licet,
781 993 946 1062 accedere
969 1000 1085 1078 aveat,
1111 992 1330 1062 confessariis
1354 997 1501 1080 potesta·

161 1109 233 1172 tem
250 1101 334 1172 lecit
349 1101 383 1170 id
399 1101 541 1190 singulis
564 1101 807 1192 permittendi:
833 1102 893 1170 sed
916 1123 956 1172 ea
980 1103 1067 1191 lege,
1093 1108 1133 1170 ut
1155 1107 1191 1171 et
1214 1102 1248 1171 bi
1273 1102 1314 1170 de
1338 1119 1503 1170 concessa

163 1207 227 1278 sibi
243 1208 482 1300 frequentiori,
501 1207 557 1278 vel
580 1207 686 1278 etiarn
710 1210 919 1300 quotidiana
943 1207 1201 1294 communione,
1227 1208 1411 1277 certiorem
1428 1206 1502 1274 red·

163 1315 254 1385 dere·
268 1315 500 1404 superiorem;
527 1319 562 1384 et
585 1313 752 1404 superior,
779 1313 913 1406 siquid
936 1334 1038 1404 super
1061 1314 1114 1384 his
1137 1314 1294 1384 animum
1318 1314 1502 1384 adverten-

162 1423 245 1492 dum
261 1420 413 1507 duxerit,
432 1427 594 1492 teneatur
609 1421 824 1508 confessario
842 1420 1086 1508 manifestare,
1105 1425 1205 1490 caius
1221 1422 1350 1490 indicio
1368 1421 1504 1509 acquie-

91 1573 95 1599 t
162 1529 330 1598 scendum
354 1533 499 1598 omnino
522 1532 590 1597 erit
614 1529 697 1618 (50).

489 1758 569 1824 Aac.
597 1761 637 1824 ll.
665 1760 713 1824 De
740 1712 958 1846 Oblipatione
980 1761 1182 1852 confitendi.

225 1932 300 2000 577.
335 1935 437 1999 Extat
468 1936 691 2020 praeceptum
722 1930 796 1999 iure
827 1932 1027 2022 evangelico
1058 1931 1287 2002 constitutum
1317 1928 1506 2001 confitendi

165 2037 272 2105 semel
296 2035 413 2106 omnia
437 2034 551 2104 letalia
575 2041 652 2124 post
674 2035 885 2125 baptismum
909 2036 1057 2106 admissa
1077 2039 1136 2126 (l).
1156 2043 1204 2106 Eo
1221 2037 1326 2125 igitur
1341 2043 1508 2106 tenentur

165 2144 227 2215 soli
251 2143 428 2233 baptizati,
449 2165 494 2212 ex
517 2164 585 2232 quo
608 2141 835 2232 pervenerint
857 2143 900 2212 ad
923 2164 1035 2213 annos
1057 2144 1274 2214 discretionis
1292 2146 1351 2232 (2).
1379 2149 1507 2212 Verum

167 2272 271 2320 nemo
295 2257 436 2320 tenetur
458 2248 616 2319 conliteri
641 2249 707 2318 nisi
732 2249 791 2318 uni
816 2255 968 2335 tantum,
994 2257 1029 2319 et
1052 2257 1201 2320 secreto:
1228 2251 1371 2342 ideoque
1387 2249 1507 2339 ignaro

167 2357 342 2428 idiomatis
365 2357 448 2427 satis
472 2356 539 2426 erit
561 2377 601 2426 ea
626 2377 715 2448 quae
739 2356 867 2446 poterit
890 2357 1047 2427 conliteri
1072 2357 1228 2446 nutibus;
1255 2379 1316 2448 per
1339 2358 1507 2448 interpre-

163 2474 238 2536 tem
269 2486 340 2535 non
370 2471 511 2534 tenetur
536 2465 602 2554 (ὅ),
636 2463 668 2533 ei
697 2484 781 2533 vero
804 2463 863 2555 qui
887 2465 1000 2554 palam
1025 2465 1182 2536 contiteri
1214 2485 1355 2536 necesse
1388 2467 1506 2552 habet,

170 2571 296 2642 sufficit
320 2573 376 2640 vel
399 2575 438 2639 in
461 2591 591 2659 penere
617 2573 649 2660 (ἓ
673 2569 751 2654 502,
770 2591 806 2638 n.
825 2571 857 2659 7)
885 2569 1054 2640 confiteri.
1082 2575 1125 2638 nt
1148 2591 1232 2640 vero
1256 2571 1436 2657 omnibus,
1469 2577 1509 2640 ut

169 2680 250 2750 huic
278 2685 469 2768 praecepto·
484 2677 683 2748 satisfacere
707 2677 850 2768 possint,
877 2697 917 2746 ea
940 2677 1111 2747 confessio
1135 2685 1187 2747 est
1210 2679 1415 2764 necessaria,
1441 2699 1509 2770 qua

168 2794 312 2878 peccata
336 2807 458 2856 revera
482 2785 642 2855 delentur
667 2786 727 2874 (l).
753 2785 890 2874 Obligat
912 2790 1027 2854 autern
1053 2785 1109 2855 vel
1132 2807 1193 2876 per
1216 2807 1264 2871 se,
1291 2787 1346 2855 vel
1371 2807 1431 2876 per
1453 2807 1509 2856 ac·

169 2895 298 2965 cidens.

169 3154 395 3224 deficientibus,
415 3154 516 3212 eidem
531 3154 563 3212 S.
581 3154 615 3213 G.
633 3149 815 3210 denunciari
868 3150 942 3227 Gap.
959 3151 988 3208 5.
1003 3183 1019 3194 -
1031 3151 1180 3219 Letalia,·
1202 3151 1340 3210 venialia
1360 3151 1418 3210 hac
1441 3152 1510 3227 lege

171 3235 276 3296 iussit.
301 3234 418 3300 Quavis
440 3233 601 3292 contraria
624 3230 816 3292 consuetudi·
867 3248 926 3288 non
955 3233 1163 3290 continentur.
1191 3231 1256 3289 Nec
1278 3233 1381 3290 obstat
1403 3233 1435 3292 O.
1461 3231 1509 3302 12,

172 3333 226 3388 ne,
249 3314 302 3372 vel
323 3312 581 3385 immemorabili,
607 3311 752 3388 explosa:
783 3315 815 3368 et
867 3309 914 3368 De
929 3311 1055 3369 Poeait.
1078 3311 1130 3388 (V.
1151 3313 1249 3386 Lago,
1271 3311 1342 3382 XV,
1367 3311 1448 3390 132).
1474 3313 1511 3372 O·

172 3393 333 3471 quibusvis
348 3393 517 3454 contrariis
536 3393 816 3466 dispositionibus,
868 3394 982 3458 mnia,
1011 3391 1138 3466 ideoque
1160 3393 1257 3450 etiam
1281 3391 1412 3450 remissa
1434 3410 1509 3451 eon-

173 3476 268 3534 etiam
284 3491 303 3532 a
318 3475 350 3533 S.
364 3475 452 3545 Sede,
466 3472 563 3532 etiam
575 3473 606 3531 in
622 3475 731 3546 forma
746 3491 815 3547 spe·
868 3472 1227 3546 tritionepersecta,vel
1242 3471 1415 3539 indirecta
1430 3473 1510 3532 idest

173 3554 358 3613 cialissima
374 3553 566 3630 adprobatis,
577 3555 712 3628 penitas
727 3554 816 3610 abro-
868 3551 977 3624 oblita,
1000 3554 1032 3610 et
1054 3551 1168 3610 omissa
1185 3551 1429 3627 inculpabiliter.

174 3632 277 3710 gatis,
308 3651 386 3706 quae
415 3639 580 3709 praeterea
611 3651 651 3692 ex
681 3632 816 3708 propriis
929 3631 975 3711 (2)
996 3631 1510 3703 u.12,DePoeaa.siveantea‚

175 3711 591 3772 manaalibasdireetoriis
614 3714 816 3770 constitutio·
870 3713 936 3770 sive
974 3715 1043 3788 post
1080 3712 1272 3788 septennium
1310 3711 1508 3786 completum.

175 3794 273 3851 nitas
296 3795 431 3869 expungi
452 3811 488 3852 ac
510 3792 608 3851 deleri
630 3791 733 3853 iussit.
871 3789 1511 3871 communissimaffiporer,a.r.‚n.425).

234 3871 300 3950 (30)
321 3873 384 3933 cic.
403 3874 508 3946 Deam,
526 3871 563 3931 14
578 3873 650 3931 Dec.
670 3871 758 3933 1890.
776 3872 816 3930 Et
930 3871 976 3950 (3)
998 3873 1031 3930 S.
1049 3871 1158 3948 Atph,
1175 3871 1230 3942 Vl,
1247 3870 1317 3941 479,
1334 3867 1388 3928 11⁰.

174 3953 252 4012 haee
275 3954 314 4010 ab
343 3954 482 4012 omnibus
511 3952 722 4028 superioribus
749 3953 817 4011 sire
930 3951 976 4032 (4)
998 3953 1104 4023 Suam,
1126 3951 1177 4022 35,
1200 3953 1231 4024 7,
1254 3953 1284 4011 3.
1301 3981 1318 3994 -
1340 3949 1513 4010 Delentar:

174 4031 344 4092 minoribus
371 4033 438 4092 sire
464 4031 634 4090 maioribus
655 4031 817 4091 observari
872 4031 998 4106 ideoque
1020 4050 1079 4090 non
1102 4031 1261 4092 satisfacit
1280 4029 1333 4106 qui
1354 4033 1515 4102 saerilepe

174 4112 328 4182 decrevit,
351 4115 406 4172 sub
426 4112 531 4189 poenis
553 4117 662 4172 contra
680 4111 818 4188 superio·
871 4111 1058 4181 confitetur,
1089 4129 1166 4186 quae
1188 4116 1275 4170 certa
1296 4110 1418 4188 (Alex,
1441 4109 1512 4180 Vll,

176 4209 229 4251 res
250 4193 451 4268 spostolicae
473 4190 561 4252 Sedis
583 4193 730 4251 mandata
754 4191 817 4250 vio·
873 4191 942 4270 1t);
966 4208 1021 4249 nec
1042 4191 1094 4266 qui
1117 4193 1277 4259 invalide,
1292 4193 1434 4264 quamvis
1456 4209 1514 4250 nun

176 4271 279 4332 lautos
300 4274 365 4350 ipso
388 4273 471 4332 lacto
492 4272 695 4332 incurrendis.
871 4290 927 4331 sua
949 4271 1040 4348 culpa
1053 4271 1181 4351 (Salm,
1197 4273 1227 4343 6,
1244 4273 1275 4343 7,
1288 4269 1351 4349 52),
1368 4288 1445 4346 quae
1460 4271 1515 4328 ho·

237 4351 294 4412 His
315 4355 392 4412 adde
415 4369 493 4427 quae
514 4353 621 4411 sanxit
642 4353 678 4411 de
699 4351 817 4411 confes·
871 4349 1516 4428 dieverioromninosententiacst(S.Al-

173 4431 817 4492 seriisextraordinariismonialibuscon·
871 4431 1043 4507 phon.,Vl,
1060 4429 1144 4510 672),
1161 4449 1217 4490 neo
1238 4432 1265 4490 is
1286 4431 1338 4505 qui
1361 4432 1515 4491 inabsolu-

176 4513 317 4571 cedendis
337 4512 369 4590 (ἓ
391 4511 461 4581 372,
478 4530 508 4570 n.
525 4507 589 4589 20).
872 4515 923 4570 tus
944 4513 1063 4572 recedit
1084 4511 1223 4592 (Laym.,
1239 4511 1278 4583 V,
1294 4508 1354 4588 11).

236 4589 281 4670 (1)
295 4591 403 4662 Ioan„
414 4593 485 4661 XX,
495 4591 546 4664 233
562 4591 663 4665 Trid,
675 4591 723 4664 14,
740 4591 771 4650 b.
783 4600 818 4662 t,
