3540 5130
273 281 293 349 6
484 301 575 348 tissa
598 301 621 347 1.
639 317 660 328 ·
677 299 716 346 ott
740 299 839 347 nutus
862 297 985 362 sucula,
1011 299 1179 346 anaturosts
1202 299 1241 346 R'I
1265 299 1397 346 sanctis

333 403 364 472 5.
393 407 480 472 Sunt
502 407 538 472 et
560 405 721 474 prototo
746 401 936 492 (capellae),
962 399 999 472 in
1023 400 1239 492 privatorum
1262 399 1404 471 aedibus
1438 407 1611 491 extructa,

275 509 331 580 vel
355 509 405 580 eis
427 509 575 580 adnexa.
602 511 645 578 Et
668 508 724 579 vel
741 509 876 599 publica
899 513 993 595 sunt,
1018 508 1075 578 vel
1098 506 1245 598 privata.
1268 507 1407 578 Publica
1427 513 1615 580 censentur

273 617 330 685 vel
353 637 397 685 ex
420 616 502 702 situ,
528 617 584 686 vel
614 637 659 686 ex
692 615 858 706 personis.
886 621 937 685 Ex
972 614 1041 686 situ
1065 613 1200 704 publica
1223 621 1307 685 sunt
1329 635 1478 706 quorum
1507 616 1612 687 ianua

272 721 429 810 publicae
454 724 592 793 adiacet
614 722 693 792 viae
719 723 785 812 (9):
811 721 870 792 sed
893 721 958 792 etsi
992 720 1183 792 oratorium
1206 719 1244 790 in
1267 720 1390 791 mediis
1423 721 1526 811 agris,
1552 721 1609 791 vel

273 826 310 896 in
334 827 474 898 aedibus
498 829 714 920 priuatorum
737 829 888 920 positum
911 827 968 916 sit,
993 823 1170 918 publicum
1201 827 1396 916 habebitur,
1421 828 1450 898 si
1475 849 1520 898 ex
1555 827 1613 896 via

273 934 409 1026 publica
433 956 495 1027 per
529 955 651 1024 agrum
675 937 731 1006 vel
765 933 894 1006 atrium
917 935 1053 1022 domna,
1078 934 1121 1005 ad
1145 933 1227 1004 illud
1262 940 1380 1024 pateat
1401 935 1531 1022 aditus3
1556 932 1613 1002 vel

273 1063 341 1136 quo
364 1049 494 1134 pateat,
520 1044 682 1114 dominus
705 1045 791 1134 agri,
816 1043 872 1114 vel
896 1043 1035 1114 aedium
1058 1043 1154 1114 altius
1175 1047 1262 1112 sitos
1283 1044 1439 1113 dominio
1474 1065 1516 1114 oc
1539 1047 1616 1112 iuri

272 1149 458 1240 efficaciter
492 1155 760 1222 renunciaverit
783 1153 865 1240 (10).
894 1157 943 1220 Ex
978 1151 1133 1240 personis
1164 1149 1274 1222 instar
1307 1149 1523 1241 publicorum
1553 1151 1613 1220 ha·

273 1256 401 1326 bantur
427 1277 517 1348 quae
544 1263 668 1328 extant
691 1258 727 1328 in
751 1257 910 1328 domibus
933 1256 1178 1348 Episcopomm
1203 1257 1287 1345 (11),
1311 1256 1454 1347 ideoque
1477 1259 1513 1326 et
1534 1261 1613 1327 Car·

273 1451 387 1518 clesia,
417 1449 625 1527 regulariter,
651 1469 718 1510 esse
751 1467 808 1510 non
840 1469 912 1528 pos·
1028 1449 1610 1531 (9)DeRam,DeOrator.atc.,Par.I,

272 1537 358 1600 sunt3
385 1533 583 1604 quamobrem
610 1531 638 1590 si
664 1549 725 1606 qna
754 1549 812 1590 uno
841 1549 914 1608 gau·
970 1531 1044 1606 Gap.
1066 1529 1299 1602 IV3Gatticus,
1322 1531 1369 1590 De
1397 1531 1523 1594 Orator.
1553 1533 1614 1592 Do·

272 1613 355 1682 deat,
386 1617 490 1684 tuque,
513 1629 548 1669 eo
577 1613 719 1682 durante,
742 1611 826 1671 aliud
857 1613 914 1670 Im·
970 1617 1075 1680 mest..
1096 1612 1170 1686 Gap.
1185 1609 1243 1680 XI,
1266 1629 1295 1670 n.
1313 1610 1350 1682 2;
1374 1611 1418 1670 De
1440 1613 1545 1683 Bonis,
1566 1611 1613 1672 De

271 1695 375 1771 potres
396 1689 452 1748 illo
474 1691 612 1762 reticito,
634 1691 715 1751 nihil
738 1691 834 1750 valet.
858 1692 915 1752 Ge·
971 1688 1096 1749 Orator.
1120 1691 1260 1760 Public„
1282 1709 1312 1750 n.
1335 1689 1406 1750 236.
1431 1691 1529 1751 Porro
1557 1693 1611 1752 via

271 1777 373 1832 terum
395 1771 454 1829 boc
474 1771 676 1848 privilegium
691 1771 788 1832 altari
809 1787 914 1832 conce·
970 1771 1093 1846 publica
1113 1787 1150 1828 ea
1175 1771 1292 1830 dicitur
1312 1773 1409 1832 cotos
1438 1775 1539 1830 etiam
1565 1789 1614 1831 so-

271 1851 368 1920 ditur,
399 1868 455 1910 non
491 1850 588 1927 lapidi
617 1856 813 1923 consecrato,
846 1851 914 1910 ideo
971 1851 1041 1908 lom
1055 1850 1226 1926 publicam
1242 1858 1288 1909 eat
1301 1849 1352 1929 (L.
1369 1850 1399 1920 2.
1416 1852 1507 1928 §Ait
1516 1847 1613 1928 proe-

246 1957 248 1962 ·
271 1933 329 1990 boc
350 1933 464 2000 amoto,
481 1937 513 1990 et
535 1930 598 1989 alio
616 1932 794 2004 substituto,
811 1931 914 1990 altare
970 1937 1029 2002 tor,
1043 1931 1094 1988 Ne
1108 1931 1190 2007 quid
1212 1933 1248 1988 io
1272 1931 1328 1990 loc.
1342 1931 1467 2010 pubi),
1483 1949 1612 1992 necnon

292 2009 509 2086 rivilegiatum
542 2016 682 2070 remanet
711 2011 758 2092 (S.
790 2011 830 2069 R.
862 2010 911 2082 0.,
969 2010 1121 2070 vicinales
1142 2007 1233 2088 (quae
1251 2027 1290 2069 ex
1312 2011 1505 2088 privatorum
1527 2014 1615 2089 agris

271 2031 312 2150 I5
332 2091 404 2149 Dec.
431 2088 537 2169 1841)=
560 2109 665 2166 eoque,
688 2091 821 2150 ecclesia
842 2107 914 2166 quo·
969 2089 1095 2150 collatis
1117 2090 1220 2150 iactae
1247 2093 1346 2169 sunt),
1369 2107 1498 2166 quarum
1527 2091 1611 2152 initii

271 2189 329 2248 que
351 2170 490 2246 dilapsae
507 2172 532 2230 si
553 2175 659 2248 postea
681 2171 829 2230 restituta
851 2171 914 2230 fue·
969 2169 1119 2228 memoria
1147 2188 1203 2228 non
1231 2175 1322 2232 extat
1345 2171 1395 2252 (L.
1420 2173 1450 2244 3,
1473 2173 1521 2232 De
1549 2172 1607 2230 loc.

270 2253 326 2322 rit,
344 2249 510 2310 reviviscit
524 2251 570 2330 (S.
581 2249 760 2328 (l.lndulg.,
777 2249 817 2312 30
830 2253 911 2327 Aug.
970 2257 1001 2308 et
1014 2253 1103 2320 itin,
1118 2251 1156 2309 V.
1173 2251 1297 2320 Berar„
1313 2251 1342 2310 I.
1353 2253 1396 2310 Ε.
1419 2253 1469 2320 U„
1482 2255 1537 2311 Το.
1554 2251 1611 2324 IV,

273 2331 366 2402 1847,
395 2331 501 2400 Scav..
532 2331 587 2400 IV,
619 2331 701 2410 272).
734 2331 914 2390 Pcraooole
969 2329 1005 2388 P.
1030 2328 1055 2400 1,
1080 2329 1160 2389 Dias..
1184 2331 1214 2402 3,
1238 2331 1311 2407 Cap.
1335 2330 1402 2410 IV).

270 2411 350 2488 quod
366 2409 499 2486 singulte
520 2411 698 2472 conceditur
712 2411 814 2471 ubivis
836 2411 914 2470 cele·
1028 2407 1093 2488 (10)
1115 2411 1147 2470 S.
1165 2411 1198 2470 0.
1216 2413 1265 2482 0.,
1283 2413 1368 2471 iussu
1389 2411 1481 2471 Pauli
1502 2413 1542 2484 V,
1560 2429 1610 2490 ap.

269 2490 442 2550 brantibus.
470 2491 642 2566 Utrumque
662 2509 698 2550 eo
725 2495 856 2567 spectat,
880 2495 914 2550 ut
969 2489 1043 2550 Ben.
1055 2489 1141 2564 XIV,
1152 2489 1198 2549 De
1214 2493 1335 2567 Sacris.
1351 2493 1537 2562 Miss.,Lib.
1552 2491 1611 2567 III,

271 2571 402 2634 liberari
423 2571 526 2630 anima
548 2589 566 2628 a
592 2569 772 2648 purgatorio
804 2571 912 2631 statim
968 2571 1042 2646 Oap.
1066 2569 1121 2642 VI,
1145 2589 1174 2628 n.
1190 2571 1220 2630 2.
1245 2569 1279 2630 In
1302 2571 1352 2630 ms
1383 2573 1532 2632 oratoriis
1552 2590 1611 2631 non

270 2649 381 2732 possit,
404 2649 432 2708 si
453 2649 560 2709 divina
582 2651 798 2709 Misericordia
828 2667 914 2710 acce·
968 2649 1073 2710 sinant
1093 2649 1248 2729 Episcopi,
1272 2669 1327 2710 nec
1352 2652 1384 2710 in
1407 2652 1515 2712 limine
1544 2651 1612 2710 fun-

269 2735 355 2809 ptum
377 2729 500 2798 tulerit,
524 2747 578 2808 per
599 2731 824 2806 indulgentiam
846 2731 913 2790 sive
968 2729 1113 2802 dationis,
1146 2731 1311 2800 fenestras,
1345 2731 1395 2790 vel
1426 2731 1543 2790 aditum
1573 2733 1611 2790 ad

270 2811 332 2882 illi,
356 2811 423 2869 sive
445 2809 516 2868 huic
547 2811 697 2869 adnexam
727 2811 774 2888 (S.
799 2811 837 2870 R.
861 2811 911 2880 O.,
968 2810 1110 2886 prtvatas
1130 2811 1221 2872 aedes
1235 2811 1359 2883 habere,
1375 2829 1442 2870 curn
1459 2813 1488 2869 id
1509 2813 1540 2870 S.
1559 2813 1613 2871 Sa·

268 2893 309 2952 28
331 2889 390 2950 Inl.
416 2887 524 2966 1840),
546 2895 639 2966 atque
660 2889 727 2950 ideo
747 2889 844 2950 etiam
871 2891 914 2950 ci·
968 2890 1020 2948 des
1041 2891 1108 2965 ipsa
1129 2891 1185 2950 vix
1206 2895 1290 2952 sinat
1309 2892 1360 2968 (V.
1385 2891 1430 2950 De
1451 2893 1541 2962 Ram,
1565 2891 1607 2962 ΙΙ,

268 2975 321 3034 tra
342 2970 581 3048 applicationem
611 2970 737 3040 missae,
762 2969 823 3028 nisi
851 2972 913 3047 pri·
968 2969 993 3040 I,
1016 2985 1087 3046 pag.
1111 2967 1181 3049 82):
1204 2970 1265 3029 nisi
1297 2969 1379 3030 sorte
1409 2987 1465 3048 per
1491 2987 1608 3042 aream,

269 3051 420 3125 vilegium
436 3067 611 3109 concessum
624 3049 721 3110 luerit
736 3050 912 3110 celebrandi
968 3047 1020 3108 vel
1041 3051 1157 3108 atrium
1179 3051 1281 3110 aditus
1302 3053 1409 3125 pateat
1423 3052 1537 3130 (caat,
1551 3049 1609 3123 III,

269 3130 301 3189 in
324 3133 430 3192 Alteri
452 3129 492 3190 Ν.
517 3131 564 3210 (8.
581 3133 615 3191 O.
634 3131 768 3207 Indulg,
784 3129 822 3189 31
845 3131 910 3190 Ian.
968 3129 1014 3201 ΙΙ,
1031 3130 1075 3188 De
1097 3131 1202 3202 Bonis,
1218 3148 1248 3190 n.
1264 3131 1339 3202 346,
1356 3131 1400 3188 De
1422 3133 1512 3200 Ram,
1531 3131 1551 3188 l.
1570 3149 1612 3202 c.,

270 3209 371 3289 1848).
404 3211 539 3278 Ammo,
567 3209 710 3286 ideoque,
740 3227 779 3270 ex
811 3215 914 3269 mente
969 3227 999 3268 v.
1022 3207 1203 3288 Attamen).
1220 3211 1260 3270 Et
1280 3211 1307 3268 si
1330 3209 1429 3270 nolint
1449 3211 1542 3269 ineis
1563 3227 1612 3270 ca·

268 3289 788 3448 paupepertfflnzdpmtpxppg.
806 3291 844 3350 R.
862 3291 911 3360 6.,
968 3289 1087 3427 101)ιῖνί
1100 3291 1207 3428 diebuls
1228 3290 1330 3430 pestis,
1347 3289 1402 3427 velJ
1414 3290 1508 3349 statis
1525 3290 1611 3428 hogis

348 3387 412 3428 er.
512 3417 519 3428 .
568 3387 630 3438 co,
668 3415 676 3441 ,
714 3375 721 3395 ⁶
775 3389 874 3430 :nam
968 3385 1383 3439 ceerarrvam,anear
1425 3385 1538 3428 cavere
1579 3389 1609 3430 e-

267 3467 315 3522 ea,
341 3467 418 3525 quae
439 3450 490 3509 vel
511 3451 674 3540 designata
701 3455 761 3520 ast,
785 3451 836 3510 vel
861 3389 913 3510 Dpe
967 3450 1041 3508 bent
1054 3448 1101 3526 (S.
1115 3450 1155 3509 R.
1167 3453 1215 3522 O.,
1229 3450 1266 3509 14
1281 3449 1346 3508 Iun.
1361 3447 1457 3520 1845,
1472 3449 1513 3508 24
1526 3453 1609 3528 Aug.

268 3529 362 3588 vinae
394 3527 589 3590 miserationi
610 3530 753 3608 eligenda
777 3531 913 3590 remitti·
969 3527 1077 3608 1850),
1100 3547 1171 3590 nam
1193 3535 1261 3606 post
1281 3546 1333 3587 aas
1360 3529 1541 3588 aedificatas
1562 3548 1610 3590 re-

268 3613 332 3683 tur,
356 3609 408 3668 vel
427 3611 469 3690 (si
490 3611 527 3668 dc
548 3610 636 3670 nulla
656 3611 777 3670 omnino
795 3612 913 3686 cogita·
967 3609 1125 3686 gulariter
1139 3614 1248 3670 vetare
1262 3609 1395 3684 amplius
1409 3627 1467 3667 non
1486 3617 1613 3686 possunt

268 3697 336 3750 tum
358 3685 414 3766 sit)
435 3707 512 3763 quae
535 3689 605 3748 huic
626 3689 780 3766 placuerit
800 3691 853 3771 (V.
871 3691 903 3750 S.
967 3691 1014 3771 (S.
1039 3691 1071 3750 0.
1096 3689 1144 3760 G.,
1169 3705 1218 3765 ap.
1242 3691 1286 3748 De
1308 3688 1414 3756 Bonis,
1438 3707 1468 3747 n.
1495 3687 1555 3768 11).

267 3771 306 3830 R.
325 3771 373 3840 0.,
392 3769 430 3830 10
451 3767 530 3828 Iunii
554 3769 644 3842 1880,
660 3777 692 3830 et
712 3773 806 3839 Acta,
822 3769 910 3842 XIII,
1027 3766 1093 3850 (11)
1114 3771 1152 3829 V.
1177 3770 1309 3837 Ilattia..
1332 3767 1435 3841 XVII,
1458 3773 1487 3828 4.
1506 3769 1610 3829 Etiam

269 3867 339 3928 ep.
358 3847 438 3930 134).
458 3849 516 3910 Sed
536 3859 570 3910 ut
584 3850 778 3926 indulgentia
794 3850 912 3910 lucrari
966 3849 1116 3926 Episcopo
1147 3851 1289 3918 absente,
1320 3853 1373 3908 aut
1404 3867 1502 3908 vaona
1532 3851 1609 3908 Sede

267 3931 386 4000 valcat,
409 3927 538 3990 dicenda
561 3935 611 3990 est
631 3931 728 3990 Missa
756 3931 913 3990 detuncto-
967 3929 1015 4008 (S.
1032 3929 1070 3989 R.
1089 3929 1173 4000 6.,2
1193 3927 1252 3988 lul.
1279 3927 1367 3999 1661,
1385 3929 1404 3988 8
1419 3932 1495 4006 Apr.
1514 3929 1610 4001 1854,

268 4028 349 4079 rum,
373 4027 412 4068 ex
444 4009 534 4068 Decr.
563 4011 665 4068 Innoc.
698 4011 754 4084 III,
784 4011 913 4088 ideoque
967 4009 1120 4080 Gardell,
1151 4009 1241 4078 2103,
1265 4007 1368 4087 5200).
1392 4011 1433 4069 Et
1463 4010 1489 4068 si
1519 4009 1612 4085 plura

268 4091 301 4150 in
323 4091 514 4166 paramentis
533 4091 644 4168 nigris,
661 4089 712 4148 vel
734 4091 847 4150 saltem
860 4091 913 4168 (ex
968 4091 1032 4150 sint
1046 4089 1078 4148 in
1089 4091 1193 4148 eodem
1207 4089 1326 4166 palatio
1341 4089 1491 4158 oratoria,
1507 4090 1611 4147 omnia

269 4169 452 4230 rationabili
468 4169 573 4249 causa)
588 4169 737 4230 violaceis
751 4173 798 4249 (S.
809 4170 848 4230 R.
862 4173 910 4240 0.,
967 4169 1070 4228 eodem
1100 4170 1168 4228 iure
1196 4175 1360 4228 censentur
1380 4169 1493 4248 (dact,
1518 4187 1548 4227 n.
1571 4168 1609 4242 6,

268 4249 306 4310 10
327 4249 421 4308 Febr.
448 4247 556 4325 1652),
580 4251 641 4312 nisi
662 4249 846 4310 celebrando
869 4251 913 4309 sit
968 4252 1012 4310 De
1033 4249 1125 4318 Ram,
1149 4249 1222 4308 Par.
1243 4249 1269 4318 Ι,
1301 4248 1374 4324 Cap.
1404 4247 1459 4318 IV,
1482 4250 1554 4309 Art.
1583 4247 1608 4318 I,

266 4329 364 4389 missa
386 4328 496 4387 votiva
509 4331 554 4410 (v.
573 4350 614 4400 c.,
632 4331 663 4389 in
677 4331 810 4408 exposit.
836 4331 911 4390 San·
967 4345 1037 4406 pag.
1054 4327 1138 4406 223).
1153 4329 1269 4390 Verum
1284 4327 1459 4406 Epz'scopoa
1476 4327 1546 4386 heic
1561 4345 1611 4386 ac-

265 4409 400 4470 ctissimi
430 4409 650 4487 sacramenti),
681 4411 734 4470 vel
763 4412 800 4469 dc
830 4409 912 4469 seria
967 4409 1069 4486 cipere
1084 4409 1226 4468 debemus
1241 4427 1299 4467 non
1316 4407 1479 4466 Titulcres
1495 4407 1526 4467 in
1540 4425 1612 4485 par·

264 4489 421 4570 (S.R.O.,
440 4487 564 4566 llApr.
584 4489 680 4562 1864,
701 4488 910 4568 Scav.,l.c.);
967 4489 1050 4548 tibus
1079 4489 1193 4568 (Gatt,
1228 4487 1328 4560 XVII,
1364 4487 1418 4560 15;
1453 4487 1608 4558 Gardell..

265 4567 319 4627 vel
334 4573 479 4628 occurrat
494 4568 608 4630 festum
623 4569 736 4647 duplex
747 4569 794 4648 (S.
808 4571 847 4629 R.
861 4570 909 4642 G.,
967 4587 997 4628 n.
1021 4567 1130 4648 4547),
1160 4569 1266 4629 domus
1297 4575 1411 4638 autern,
1444 4585 1502 4626 non
1533 4583 1611 4642 quas

266 4646 308 4710 22
329 4647 387 4709 Iul.
413 4647 510 4722 1848,
534 4649 678 4722 Martia,
702 4668 732 4710 n.
757 4647 840 4728 906).
968 4653 1131 4725 utcumque
1152 4649 1311 4720 habitant,
1336 4653 1444 4724 utputa
1473 4647 1504 4705 in
1534 4663 1612 4724 agro

1595 4977 1621 5026 Ι
