3540 5130
774 606 1125 727 rrlcrlros
1174 609 1229 727 n.
1318 755 1320 760 .

614 877 619 892 .
653 831 706 894 ΟΕ
736 827 977 894 esttenete
1010 827 1369 899 Ecetfislnstlcts

953 1039 1058 1054 m

907 1232 1041 1300 CAPUT
1069 1235 1093 1300 Ι.

543 1375 594 1459 'nc
620 1411 848 1458 osnsrroronon
872 1409 1015 1472 norunt,
1040 1409 1225 1472 cnrcrronc,
1251 1407 1364 1468 priore
1388 1409 1457 1454 erc.

401 1557 619 1649 impiissima
643 1558 728 1627 haec
752 1556 897 1627 materia
921 1560 984 1641 est,
1022 1555 1218 1644 implexior,
1250 1554 1409 1639 difficilis,
1445 1560 1481 1624 et
1512 1555 1557 1623 ed
1594 1555 1687 1626 luris
1762 1613 1763 1616 ,

340 1665 503 1740 canonici
528 1671 678 1774 lnterpp'.
705 1683 787 1734 curn
811 1663 931 1752 prirnis
954 1661 1117 1752 pertinet,
1153 1681 1257 1752 qunrn
1294 1659 1421 1736 idcirco
1446 1660 1507 1730 vix
1533 1663 1687 1732 summis
1762 1677 1763 1680 ’

339 1773 509 1862 attingam
534 1771 659 1874 digitis.

674 1986 754 2054 rior.
781 1989 806 2052 l.
835 1986 883 2050 De
910 1979 1162 2070 Beneficiorum
1190 1989 1338 2049 nature.
1398 2055 1402 2064 ,

403 2165 454 2234 18.
482 2170 520 2232 ln
544 2162 720 2234 beneficiis
742 2159 985 2232 ecclesiasticis
1009 2160 1073 2232 trie
1098 2160 1265 2250 dispicere
1288 2167 1442 2250 oportet:
1468 2161 1565 2232 bona
1599 2181 1692 2254 quae

340 2273 457 2342 dotem
480 2269 638 2340 beneficii
662 2268 957 2356 constiturum),
986 2288 1122 2338 sacrorn
1151 2267 1314 2353 officium,
1347 2287 1408 2337 seu
1432 2268 1689 2357 ministerium

342 2385 378 2449 et
400 2379 454 2448 ius
476 2376 687 2468 percipiendi
712 2375 842 2446 reditus
865 2397 909 2444 ex
935 2373 1130 2445 huiusmodi
1155 2375 1254 2454 bonis
1277 2382 1417 2467 propter
1442 2375 1604 2446 officium
1631 2377 1691 2445 lru-

341 2485 501 2557 iusmodi.
543 2490 642 2555 Bono
666 2485 854 2573 temporale
878 2483 1006 2572 aliquid
1029 2490 1122 2567 sunt,
1152 2484 1302 2574 officium
1335 2491 1387 2553 est
1419 2482 1554 2576 aliquid
1593 2485 1702 2588 spiri.

341 2596 448 2679 tualc,
473 2598 528 2661 ios
551 2598 604 2662 est
627 2593 817 2682 temporale
853 2589 1021 2680 spirituali
1057 2590 1232 2660 adnexum
1251 2592 1311 2680 (Ι).
1346 2590 1425 2660 Sine
1455 2591 1563 2662 bonis
1589 2597 1695 2662 bene-

341 2699 459 2771 ficium
482 2697 621 2790 quidem
638 2695 802 2767 constitui
819 2717 889 2764 non
905 2699 1019 2784 potest
1037 2697 1096 2784 (3l3
1116 2717 1238 2764 verurn
1257 2715 1326 2766 non
1344 2718 1387 2765 ex
1404 2696 1458 2766 his
1474 2697 1696 2768 beneficium

341 2811 479 2877 constet
504 2805 597 2891 (licet
621 2803 794 2873 interdum
819 2810 854 2872 et
878 2804 981 2890 vulgo
1005 2809 1039 2871 el
1062 2801 1136 2870 iure
1159 2803 1325 2874 beneficia
1349 2803 1543 2890 dicentur),
1564 2805 1629 2874 sed
1653 2823 1698 2874 ex

315 2913 453 2982 'olllcio
477 2917 512 2981 et
547 2911 620 2979 inre
651 2908 862 3000 percipiendi
896 2907 1046 2980 reditus:
1072 2915 1190 2977 ntrurn
1226 2913 1344 2978 autern
1373 2909 1624 2999 principaliter
1654 2931 1699 2980 cx

343 3017 412 3104 illo,
438 3037 501 3086 ceu
526 3021 610 3103 ΤΤ.;
637 3037 681 3086 en
706 3037 750 3084 ex
775 3013 852 3098 isto,
890 3035 953 3084 ceu
983 3015 1189 3084 Ganonistee
1209 3016 1273 3104 (llll
1321 3013 1455 3106 Utique,
1483 3015 1629 3102 verius,
1654 3036 1699 3086 ex

240 3167 242 3174 ,
342 3126 408 3195 hoc
427 3125 487 3212 (ὅ).
516 3126 704 3212 Utrumque
729 3120 958 3191 constitutum
983 3139 1056 3190 esse
1081 3127 1218 3210 oportet
1240 3121 1448 3191 auctoritate
1472 3122 1570 3209 eins,
1599 3123 1703 3192 cuius

406 3325 451 3406 (l)
472 3328 515 3386 De
543 3328 660 3400 Benef.
689 3323 778 3384 Eccl.
819 3325 887 3384 vide
916 3342 984 3384 cum
1040 3325 1092 3399 qui
1107 3331 1175 3401 post
1187 3341 1366 3401 responsum
1383 3325 1414 3384 S.
1433 3327 1566 3387 Poenit.
1587 3330 1630 3386 ab
1644 3328 1704 3388 hac
1738 3351 1756 3401 r,

343 3406 842 3544 primi}N{col.Gerzie,Tract.
866 3405 985 3464 DeBe-
1040 3406 1195 3545 ῗθῐῗὲἑηίει
1215 3406 1359 3464 discessit
1393 3407 1522 3488 (Tlreol.
1559 3408 1706 3476 Mor-al„
1757 3397 1766 3430 Ι

344 3507 413 3549 ree.
468 3505 526 3545 cc.
1122 3491 1163 3542 t.

388 3490 448 3646 sp)
468 3565 605 3636 reiron,
630 3563 681 3623 no
703 3565 809 3634 neo,
832 3565 889 3636 111,
906 3566 935 3636 5,
952 3565 983 3638 2;
1057 3529 1065 3558 ’
1099 3485 1213 3645 (rior.
1233 3565 1336 3635 stas,
1354 3566 1400 3625 ne
1414 3567 1545 3640 neria„
1562 3569 1624 3628 ro.
1645 3569 1702 3640 rr,

345 3647 452 3718 Rern,
478 3643 579 3716 111,5‚
604 3647 636 3718 73
660 3646 827 3716 Schmin,
845 3645 982 3716 111‚5‚·2.
1041 3646 1087 3704 De
1109 3647 1249 3711 Simon„
1271 3647 1344 3721 Cap.
1361 3646 1411 3714 24,
1435 3666 1465 3705 n.
1493 3647 1525 3706 1.

403 3725 448 3806 (3)
468 3729 507 3784 V.
532 3725 668 3796 Oai-all,
692 3724 775 3785 locst.
800 3725 870 3785 Iar.
891 3725 986 3796 Cart„
1099 3725 1145 3804 (5)
1159 3727 1206 3784 Ex
1221 3726 1377 3795 Trident,
1390 3727 1477 3800 XXI,
1493 3730 1556 3797 R„
1569 3729 1604 3799 33
1624 3735 1658 3789 et
1670 3731 1705 3790 G.

344 3807 381 3866 P.
400 3806 441 3878 ll,
466 3808 539 3882 Cap.
556 3806 608 3874 28,
625 3807 643 3880 ἓ
658 3807 676 3862 4
689 3805 792 3885 (caute
814 3806 983 3883 legendus).
1040 3806 1098 3865 ult.
1117 3806 1162 3864 De
1177 3807 1288 3864 Rcoer,
1306 3808 1336 3863 in
1352 3803 1394 3866 6⁰.
1409 3805 1474 3864 Ibi:
1491 3811 1709 3886 beneficium

343 3891 419 3944 Non
439 3893 561 3962 potest:
592 3887 649 3943 hac
675 3903 710 3943 re
737 3890 912 3954 canonice,
934 3904 985 3945 seu
1041 3887 1141 3944 dator
1156 3893 1287 3962 propter
1300 3886 1453 3960 officium.
1471 3888 1633 3948 Officium
1651 3891 1710 3966 igi-

346 3968 547 4026 canonicetus
562 3965 734 4034 honorarii,
751 3967 986 4026 ministeriasa·
1040 3969 1093 4024 tur
1114 3969 1162 4024 est
1183 3968 1445 4039 [laudamentum
1468 3977 1503 4026 et
1524 3987 1644 4029 causo
1661 3971 1711 4032 be-

345 4065 399 4106 cra
420 4047 541 4120 quidem
564 4049 646 4116 sunt,
670 4046 817 4104 beneficia
839 4067 895 4105 non
916 4054 987 4105 sunt
1041 4047 1155 4122 peficit
1175 4046 1358 4124 (Schmolz.,
1384 4066 1412 4105 n.
1431 4045 1472 4124 3).
1494 4049 1577 4108 Ideo
1595 4053 1710 4120 Prior,

342 4125 534 4207 (Elbel,lll,
560 4127 594 4196 5;
618 4125 768 4204 V.§20).
795 4127 987 4186 Sednonin-
1040 4125 1264 4196 Provincialis,
1298 4127 1461 4186 Generalis
1496 4131 1648 4189 officium
1679 4136 1711 4190 et

344 4213 456 4276 terest,
480 4211 583 4264 utrum
606 4223 656 4264 res
676 4206 737 4265 soli
753 4206 828 4278 sint,
852 4225 890 4264 an
907 4207 986 4278 iura;
1040 4207 1226 4282 dignitatem
1259 4208 1384 4278 habent,
1418 4225 1476 4265 non
1512 4211 1714 4270 beneficium

345 4289 454 4364 utputa
475 4286 594 4344 salarie
623 4303 701 4360 quae
733 4287 763 4344 in
791 4285 900 4362 Belgio
929 4287 988 4346 sol·
1039 4287 1158 4366 (Pele,
1182 4287 1236 4346 To.
1255 4285 1295 4358 ll,
1313 4289 1366 4346 Tr.
1386 4285 1432 4356 13,
1458 4288 1557 4365 Disp.
1579 4292 1607 4362 I,
1628 4293 1712 4350 Pon.

344 4371 460 4424 vuntur
469 4367 645 4441 pastoribus
655 4365 902 4446 etcanonicis(S.
912 4367 987 4425 Poe·
1042 4367 1095 4437 IV,
1120 4383 1149 4424 n.
1167 4365 1208 4444 3).
1243 4367 1323 4425 Sane
1343 4367 1443 4426 officie
1464 4373 1714 4432 vetustissima

344 4447 417 4515 nit,
442 4446 479 4505 19
501 4445 565 4504 Ian.
589 4444 696 4524 telo»
719 4447 836 4505 reditus
857 4464 897 4504 ex
919 4463 987 4504 ver·
1041 4454 1123 4516 sunt,
1136 4447 1284 4506 beneficia
1300 4445 1365 4504 fere
1380 4465 1398 4503 a
1413 4449 1551 4509 sacculo
1565 4452 1629 4521 VI,
1645 4458 1716 4529 post

345 4525 983 4602 surispublicis,nominadebitorum‚ete.:
1041 4526 1241 4602 partitionem
1272 4529 1420 4584 bonorum
1454 4530 1630 4590 ecelesiae
1669 4532 1714 4590 in·

344 4609 421 4681 quod
454 4623 512 4664 non
544 4608 619 4664 bene
651 4612 818 4682 negaverat
841 4609 982 4678 Gousset,
1039 4608 1194 4666 troduete.
1229 4607 1328 4666 Porro
1352 4607 1499 4681 officinm
1526 4613 1714 4690 accipimus
