3594 5122
298 243 364 312 174
423 265 513 310 trouu
530 265 576 310 ιιι.
595 263 746 310 -.raacr.
773 263 819 308 ιιι.
847 262 911 308 ιιι.
938 261 960 306 ι.
988 261 1029 306 ex
1053 259 1164 316 ouibus
1188 259 1312 306 resurr.
1337 260 1507 306 cousrsrnr

296 363 367 432 tius
390 371 443 432 est
466 362 580 455 aliqua
607 367 654 452 (ν.
681 383 727 448 e.,
754 361 942 432 deliberata
965 367 1027 430 aut
1049 361 1208 450 graviora
1233 367 1294 430 aut
1309 360 1596 452 frequentiorald
1620 401 1630 412 -

296 471 380 556 lere,
406 478 441 540 et
465 471 621 541 cavenda
646 491 837 560 proponere
863 469 946 558 (58).

356 577 432 645 517.
460 580 585 646 Actum
599 582 652 646 est
666 577 708 644 de
724 575 778 645 bis
800 595 888 666 quae
914 575 1090 666 pertinent
1113 575 1156 645 ad
1181 575 1431 664 poenitentem,
1457 595 1581 664 nempe
1596 576 1637 646 de

298 679 515 752 confessione
528 690 562 750 et
575 682 799 751 contritione.
825 687 945 772 ltaque
968 679 996 751 si
1020 701 1130 750 unurn
1147 703 1191 751 ex
1209 681 1261 750 bis
1284 682 1385 766 desit,
1411 681 1636 771 poenitentia,

298 809 364 858 nec
379 809 446 880 qua
459 789 626 858 iudiciuin
641 810 706 858 nec
718 808 786 880 qua
804 795 1078 873 sacromentum,
1094 793 1255 858 constare
1281 795 1406 880 potest,
1432 797 1468 858 et
1490 790 1556 860 boc
1572 792 1640 880 pla-

299 916 384 964 num
400 901 469 964 est:
487 895 569 987 quid
584 893 690 985 igitur
704 895 733 964 si
749 897 837 986 quie,
856 915 887 964 e.
900 895 1245 984 g.,ani1narnagenS,
1259 917 1330 966 non
1348 894 1454 985 possit
1469 896 1638 983 confiteri,

299 1025 412 1096 neque
435 1024 521 1074 voce
538 1023 650 1094 neque
668 1001 834 1070 nutibus?
859 1007 901 1070 nt
916 1001 945 1070 si
960 1000 1097 1091 aliquod
1113 1001 1260 1070 ediderit
1274 1002 1400 1072 doloris
1416 1002 1565 1091 signum,
1583 1003 1640 1072 ab·

297 1109 484 1180 solvendus
506 1115 577 1178 est:
604 1109 678 1178 sive
703 1107 785 1178 illud
809 1107 970 1177 exhibuit
997 1107 1209 1177 confessario
1233 1107 1428 1197 praesenti,
1453 1108 1544 1198 quod
1567 1129 1640 1178 cer·

299 1221 375 1286 turn
399 1223 452 1287 est
478 1217 560 1304 (59),
585 1214 666 1304 quia
690 1213 796 1302 signis
819 1213 1015 1283 huiusmodi
1039 1221 1239 1306 utrumque,
1258 1213 1346 1284 idest
1360 1221 1396 1284 et
1418 1214 1582 1285 contritio
1606 1221 1642 1284 et

297 1323 480 1408 confessio,
505 1321 610 1390 tacite
635 1319 853 1389 continetur:
879 1319 955 1389 sive
978 1341 1019 1390 eo
1043 1320 1288 1410 absentatu),
1313 1322 1394 1412 quia
1409 1329 1638 1391 sacrorneuto

294 1433 441 1511 propter
470 1423 638 1492 boonaco.
675 1421 763 1504 Quid
793 1423 821 1490 si
853 1421 989 1491 nullurn
1013 1443 1152 1512 prorsus
1174 1423 1313 1511 signum
1336 1421 1494 1507 ediderit,
1520 1422 1641 1492 inorbo

299 1527 335 1598 in
348 1529 492 1600 instanti
505 1535 695 1618 correptus,
708 1536 746 1596 ut
761 1536 844 1618 puta
861 1529 1016 1598 irruente
1029 1529 1214 1619 apoplexia
1230 1531 1347 1598 Plures
1363 1534 1493 1617 negant
1507 1528 1642 1598 absolvi

298 1652 410 1722 posse,
434 1633 514 1724 quia
537 1634 634 1702 deest
657 1631 828 1700 confessio
851 1637 887 1700 et
910 1631 1074 1701 contritio
1098 1631 1269 1702 sensibilis
1284 1633 1372 1720 (41);
1399 1632 1487 1702 ratio
1509 1631 1640 1717 brevis,

199 1795 202 1804 .
299 1743 335 1807 et
357 1756 493 1827 urgens.
521 1737 584 1806 Sed
607 1736 665 1806 alii
689 1736 879 1823 ellirrnant,
906 1739 994 1806 lorte
1011 1737 1106 1807 enirn
1122 1737 1260 1830 aliquod
1275 1737 1412 1826 signum
1429 1736 1535 1806 edidit
1549 1737 1644 1828 quod

298 1863 403 1912 nemo
426 1842 695 1912 animadvertit:
725 1864 849 1912 verurn
873 1865 918 1914 ex
942 1841 996 1912 bis
1020 1841 1078 1913 olii
1103 1844 1353 1914 absolvendum
1378 1850 1514 1934 putant,
1540 1845 1642 1913 durn-

297 1945 400 2016 modo
422 1947 609 2018 christiane
627 1949 757 2018 vixerit
775 1951 858 2038 (41),
873 1949 929 2021 alii
946 1950 1010 2020 etsi
1027 1949 1172 2040 perdite,
1187 1949 1251 2019 etsi
1269 1951 1304 2020 in
1322 1950 1394 2040 ipso
1411 1949 1544 2040 peccati
1559 1955 1644 2020 ectu

298 2053 483 2142 deiecerit,
509 2075 592 2124 narn
615 2054 736 2146 quidni
759 2061 796 2126 et
819 2055 860 2141 is,
886 2057 976 2125 torte
1000 2055 1053 2124 sui
1076 2076 1230 2145 cornpoS,
1247 2056 1362 2126 dolere
1385 2056 1517 2146 possit?
1539 2077 1644 2126 exce·

298 2158 366 2249 ptis
392 2159 514 2248 (aiunt)
541 2161 744 2248 haereticis,
777 2161 902 2252 quippe
932 2163 976 2231 ab
1007 2162 1073 2232 hoc
1096 2169 1316 2232 sacramento
1339 2163 1528 2232 abhorrent
1554 2165 1640 2250 (15).

298 2271 407 2356 Ergo,
444 2273 481 2334 ut
512 2268 653 2356 opinor,
679 2268 708 2338 si
733 2268 906 2360 probabile
930 2269 1069 2338 sitnon
1094 2269 1300 2355 abhorrere,
1326 2276 1410 2360 puta
1434 2271 1461 2339 si
1486 2271 1582 2340 rudis
1607 2277 1644 2340 et

297 2371 331 2440 b.
347 2374 371 2440 l.
398 2373 502 2442 horno
526 2373 583 2459 sit,
609 2375 665 2443 vel
689 2374 846 2445 anirnurn
863 2396 883 2444 e
900 2375 1070 2444 catholice
1090 2375 1253 2463 religione
1270 2397 1341 2445 non
1357 2376 1511 2446 alienum
1526 2383 1646 2448 osten·

297 2478 360 2564 dit,
385 2486 421 2548 ct
436 2479 517 2548 huic
532 2479 605 2550 dari
623 2487 746 2569 potest,
765 2481 891 2580 si'quid
908 2482 1049 2571 opinor:
1077 2483 1186 2552 multo
1196 2470 1312 2551 'satius
1327 2491 1376 2552 est
1391 2485 1526 2552 nobnti
1539 2485 1644 2570 dare,

298 2607 407 2676 quem
429 2588 558 2656 volenti
580 2607 725 2676 cepere,
752 2589 811 2657 ubi
833 2591 914 2658 velit
938 2609 988 2658 on
1013 2589 1170 2658 nolitote
1194 2609 1267 2657 non
1292 2601 1443 2677 apparet
1467 2591 1548 2680 (44).

363 2905 403 2964 38
424 2907 548 2982 Sporer,
559 2907 805 2980 33830r0ix,v1‚
818 2907 858 2980 11,
868 2908 937 2968 911.
1054 2909 1118 2988 (41)
1140 2911 1235 2986 Vesq.
1247 2929 1255 2982 3
1269 2911 1359 2972 Suar.
1374 2929 1381 2982 ;
1399 2909 1525 2988 Leym.;
1538 2909 1643 2988 Lugo,
1763 2889 1764 2896 ἵ

366 2985 405 3045 39
438 2985 507 3045 Rit.
539 2987 656 3059 Rom.,
688 2988 718 3045 b.
744 2990 823 3063 t.,§
847 2987 894 3048 18.
919 3021 935 3034 -
995 2989 1096 3061 XVII,
1107 2989 1157 3062 39,
1169 2993 1230 3060 etc.
1249 2992 1332 3050 Haec
1347 2992 1488 3050 doctrine
1503 2991 1549 3050 ita
1563 2992 1644 3051 olim

300 3065 502 3140 Simpliciter
516 3065 748 3144 (Vasq.;Lugo,
759 3069 860 3140 XVII,
872 3067 937 3148 90).
995 3071 1163 3130 communis
1194 3070 1274 3144 fuit,
1307 3075 1342 3131 ut
1371 3072 1455 3130 inter
1475 3069 1539 3129 PP.
1565 3072 1642 3132 Soc.

297 3145 338 3205 Et
348 3146 473 3222 expedit
487 3147 582 3208 toties
596 3165 665 3205 eum
680 3147 853 3218 absolvere,
869 3167 941 3224 quo·
995 3150 1064 3210 Iesu
1085 3153 1220 3209 vetitum
1241 3154 1324 3210 esset
1346 3149 1643 3210 contrariedocere.

296 3225 358 3286 ties
387 3225 441 3284 det
470 3243 548 3283 nora
569 3225 659 3303 signa
679 3227 795 3286 doloris
815 3227 861 3308 (S.
885 3229 940 3290 Al·
995 3231 1092 3296 Quam
1122 3227 1342 3310 (contrariam)
1373 3247 1411 3290 ex
1439 3231 1485 3289 eis
1506 3231 1643 3306 primus,
1763 3271 1764 3304 ,

299 3305 405 3382 phou„
428 3303 511 3383 480).
995 3314 1063 3385 post
1096 3327 1164 3382 cam
1186 3310 1444 3385 prohibitionem,
1467 3308 1573 3370 docuit
1596 3311 1647 3370 La

358 3383 423 3463 (40)
452 3385 486 3445 G.
517 3387 546 3456 7,
584 3385 658 3446 Gau.
688 3387 748 3456 26,
777 3389 797 3446 6
826 3387 937 3463 (Coae.
995 3389 1090 3452 Groix
1111 3387 1181 3468 (Vl,
1205 3387 1247 3460 Il,
1273 3387 1376 3468 1162).

298 3466 490 3542 Ar·ause'e.),·
521 3465 553 3524 S.
586 3465 694 3542 Alpi,
728 3467 782 3539 VI,
813 3468 882 3541 481,
906 3487 937 3528 v.
1054 3467 1121 3548 (42)
1136 3469 1167 3528 S.
1179 3469 1647 3548 Aug.,De'Adulter.Coniu9.,

300 3545 428 3605 Uerrem.
446 3547 488 3605 Ut
497 3562 567 3604 ecce
582 3545 705 3605 elvisus
718 3549 940 3621 fuerttoculos
994 3549 1063 3608 Lib.
1088 3549 1120 3620 I,
1144 3548 1219 3626 (lep.
1243 3550 1300 3610 ult.
1330 3553 1370 3611 Et
1390 3554 1439 3610 est
1460 3549 1549 3609 hodie
1573 3569 1646 3610 sen·

1762 3323 1764 3442 l

1762 3527 1764 3626 l

299 3626 343 3683 od
364 3627 491 3684 coelum
513 3626 941 3705 auellerc‚aliquamtmn-
994 3630 1095 3689 tentia
1109 3630 1299 3688 communior
1312 3629 1359 3708 (S.
1377 3629 1645 3710 Alph.,v1,482).
1763 3653 1764 3668 ι

297 3707 411 3780 picem
433 3707 542 3764 devote
564 3709 724 3781 respicere
738 3715 798 3768 etc.
816 3708 937 3785 (Oroix,
993 3709 1035 3768 Et
1056 3711 1165 3768 nedum
1186 3713 1305 3786 potest,
1330 3711 1399 3782 sed,
1423 3729 1461 3770 ex
1491 3711 1646 3782 caritate,

299 3785 354 3858 Vl,
377 3785 418 3856 ll,
443 3785 543 3863 1160).
568 3786 628 3844 Sed
649 3787 681 3844 in
702 3788 759 3846 hoc
773 3789 938 3864 posteriori
994 3789 1084 3848 debet
1105 3789 1226 3848 absolvi
1247 3789 1368 3868 (Oroix,
1393 3792 1414 3850 l.
1439 3787 1493 3869 e).

300 3867 438 3924 cesusub
454 3865 637 3938 conditione,
650 3867 940 3940 quiaconlessiore·
1067 3866 1120 3946 43)
1142 3869 1174 3928 S.
1199 3869 1308 3945 Alph„
1325 3869 1380 3943 VI,
1405 3869 1474 3930 483.

1761 3701 1764 3850 l

297 3961 374 4003 vere
394 3946 490 4004 deest.
512 3948 615 4019 Atque
636 3946 703 4006 ideo
724 3947 849 4006 etiamsi
873 3967 940 4006 con·
1069 3951 1121 4028 44)
1142 3949 1190 4009 ux
1212 3950 1244 4008 S.
1269 3952 1363 4027 Aug„
1390 3950 1411 4010 l.
1436 3969 1476 4021 c.,
1491 3951 1566 4026 Cep.
1585 3949 1642 4009 28.

297 4022 447 4084 fessardus
461 4025 554 4098 adsit,
568 4025 596 4083 si
610 4025 751 4085 infirmus
763 4027 793 4086 id
804 4028 937 4104 ignoret.

903 4321 915 4354 ἱ
