3576 5120
653 773 1071 964 menri
1128 831 1246 964 m.

576 1121 663 1202 DE
706 1119 1332 1204 OBLIGATIONIBUS

288 1300 371 1406 llll
399 1269 525 1394 tillut
555 1295 814 1394 lllllilllllllllll
844 1296 1021 1395 culillis
1051 1299 1136 1396 illl
1165 1298 1205 1395 II
1234 1298 1440 1396 sltttltltl
1470 1298 1622 1397 llllllli

1208 1445 1212 1452 A

744 1753 1092 1870 illelmus
1132 1755 1167 1868 l.

669 1993 732 2054 nr
771 1991 1247 2058 oerreoriorueus

381 2137 499 2220 Qum
528 2137 700 2202 ouuruu
732 2133 1099 2200 ounrsrmuoeuu
1134 2097 1385 2199 conuuurs
1415 2135 1537 2200 suur

903 2327 1010 2342 Nm

716 2455 1075 2606 *rmunus
1118 2510 1156 2604 1.

624 2683 690 2756 De
720 2683 963 2756 Festorum
994 2684 1295 2756 observantie

865 2919 1000 2988 CAPUT
1024 2922 1049 2986 I.

550 3095 590 3141 EX
614 3093 724 3149 QUIBUS
748 3093 911 3139 russonum
939 3093 1157 3140 OBSERVAN'I'IA
1186 3094 1368 3142 GONSISI'A'I'.

353 3225 427 3292 mo.
456 3221 534 3292 Dies
558 3223 649 3308 festi,
674 3223 734 3310 qui
750 3222 925 3309 dieantur,
943 3223 1071 3314 quique
1086 3224 1169 3310 sint,
1188 3223 1367 3294 neminem
1384 3227 1553 3314 praeterit
1572 3227 1633 3314 tl).

293 3337 332 3400 ln
357 3331 410 3399 his
433 3329 594 3399 iubemur
620 3348 755 3398 cessere
778 3351 798 3398 a
822 3329 1005 3401 servilibus
1028 3351 1070 3400 ao
1093 3331 1287 3400 forensibus
1312 3331 1462 3420 (servilia
1490 3353 1634 3421 operae,

291 3438 442 3508 forensia
466 3441 613 3527 ‘nepoeio
637 3439 746 3522 sunt),
773 3443 809 3506 et
832 3437 950 3508 adesse
974 3457 1084 3510 suero.
1111 3441 1313 3532 Utrumque,
1340 3441 1470 3526 verius,
1496 3462 1543 3510 ex
1575 3447 1637 3512 Ee-

351 3669 397 3750 (1)
417 3673 455 3728 V.
479 3671 553 3730 Urh.
586 3667 672 3738 VIII,
705 3670 738 3730 G.
770 3669 933 3728 Urtioerso
989 3669 1155 3728 translato
1176 3675 1258 3729 sunt.
1286 3671 1398 3730 Utrum
1420 3689 1495 3730 vero
1527 3683 1638 3730 traus-

291 3751 344 3831 (13
366 3751 451 3826 Sept.
478 3748 580 3828 1642),
612 3766 672 3825 qua
699 3749 764 3808 dies
796 3749 870 3808 festi
904 3751 934 3806 in
988 3752 1056 3810 leta
1084 3747 1202 3808 luerint
1229 3751 1326 3826 quoad
1355 3751 1481 3810 missam
1507 3757 1542 3810 et
1573 3751 1638 3810 offi-

292 3832 441 3890 universe
461 3829 604 3890 Ecclesia
624 3829 755 3901 colendi,
778 3827 935 3888 nonnullis
988 3831 1068 3889 oium
1084 3837 1218 3900 tantum,
1235 3848 1274 3888 an
1288 3832 1384 3906 quood
1400 3831 1637 3891 solemnitatem

292 3909 463 3988 abrogatis,
480 3915 691 3970 recensentur.
708 3911 756 3968 Ex
770 3908 934 3967 hiseutem
988 3917 1122 3980 tentum,
1147 3927 1185 3968 an
1207 3911 1304 3984 quoad
1326 3915 1502 3985 utrumque,
1526 3929 1567 3972 ex
1584 3913 1639 3972 Li-

292 3991 539 4064 festaquaedam
554 3991 655 4048 minus
670 3987 935 4062 solemnielvelut
988 3990 1068 4050 teris
1096 3989 1289 4065 Apostolicis·
1314 3993 1477 4067 petendum
1505 3997 1568 4053 est.
1602 3993 1639 4053 Si

292 4068 527 4146 Apostolorum)
551 4071 650 4129 serius
673 4069 831 4128 deminuto
853 4069 936 4147 (suh-
990 4072 1019 4129 id
1035 4088 1093 4128 non
1109 4073 1258 4144 appareat
1274 4069 1450 4142 manifeste,
1468 4076 1639 4130 tenendum

293 4151 362 4209 lato
382 4166 489 4226 nempe
509 4149 717 4226 prohibitione
746 4145 934 4226 servilium),
988 4155 1038 4208 est
1068 4149 1157 4206 nihil
1185 4153 1322 4208 omniuo
1351 4147 1534 4209 innovatum
1566 4168 1638 4209 esse
1766 4191 1767 4196 η

292 4231 415 4288 demum
429 4229 546 4289 elieubi
559 4248 684 4306 prorsus
699 4229 856 4306 obropotn
872 4230 935 4287 fue·
989 4229 1087 4306 quoe'd
1127 4227 1259 4288 offleium
1299 4235 1332 4290 et
1360 4230 1504 4304 missam,
1536 4230 1640 4306 quoad

292 4313 376 4368 runt.
407 4309 562 4375 Quaedam
584 4328 669 4380 vero,
702 4309 755 4368 vel
786 4329 826 4369 en
857 4310 935 4368 sole·
990 4309 1221 4368 ecclesiasticas
1243 4309 1417 4370 functiones
1441 4317 1474 4370 et
1500 4310 1635 4370 chorum
1716 4347 1717 4352 κ
1765 4303 1766 4306 ’

292 4387 464 4449 mnioribus
490 4389 539 4466 (ut
560 4408 629 4448 ecee
656 4389 848 4466 Epiphaniae
878 4393 936 4447 llo·
988 4389 1035 4468 (S.
1053 4389 1092 4448 R.
1110 4389 1159 4460 0.,
1181 4389 1313 4450 23Μῆἱί
1331 4389 1431 4468 1835).
1456 4392 1575 4451 Verum
1591 4391 1639 4450 in·

293 4469 383 4540 mini,
407 4469 463 4530 SS.
490 4470 632 4545 Corporis
653 4470 775 4530 Christi
792 4468 880 4548 ete),
904 4470 935 4528 iu
990 4469 1233 4546 dulgentiam,
1268 4487 1346 4545 quoe
1375 4468 1542 4532 translatis
1570 4469 1641 4548 (vel

292 4551 467 4626 proximam
494 4549 686 4608 Dominieem
712 4549 794 4608 diem
821 4551 935 4610 alieubi
992 4549 1022 4608 in
1044 4556 1202 4626 posterum
1216 4549 1458 4628 transferendis)
1471 4565 1640 4610 concessae
