3594 5122
713 255 948 302 anaraornaoa
1440 237 1505 306 259

223 352 299 422 298.
327 359 387 424 Est
410 359 529 424 autem
553 353 590 424 in
615 356 681 424 boc
703 375 764 424 seu
788 361 1021 443 sacramento,
1046 377 1107 426 seu
1131 355 1273 444 iudicio,
1291 357 1420 450 aliquid
1435 358 1505 428 sin·

160 458 292 547 gulare.
330 464 369 528 ln
403 470 645 546 sacramento,
683 461 763 554 quia
798 482 878 530 cum
914 467 1030 532 cetera
1069 462 1176 552 recipi
1198 469 1343 554 queant
1379 463 1504 550 valide,

165 564 328 657 quamvis
351 565 483 652 illicite,
520 567 586 636 hoc
620 568 745 655 solum,
784 567 848 638 nisi
885 567 1020 638 licitum
1044 568 1100 656 sit,
1126 571 1260 640 nullum
1284 577 1348 659 est3
1375 569 1507 642 scilicet

160 670 407 760 dispositiones
429 673 642 762 poenitentis
665 673 702 743 in
726 674 988 761 contritionem,
1014 681 1118 768 atque
1142 675 1218 746 ideo
1242 675 1279 745 in
1306 677 1504 764 materiam,

160 777 332 848 recidunt.
371 785 410 848 ln
434 780 575 864 iudicia,
602 779 727 871 quippe
750 781 842 872 quod
865 781 909 851 ad
932 803 1031 852 reum
1056 782 1309 852 absolvendum
1334 801 1415 852 cum
1439 782 1506 874 pri·

162 884 229 954 mis
252 892 397 975 spectat;
424 892 460 956 et
483 886 559 956 ideo
583 887 735 977 exigitur
757 895 797 957 ut
820 887 850 960 is
874 889 1021 978 ipsemet
1044 890 1090 958 sil
1113 897 1308 976 accusator,
1335 895 1371 960 et
1393 891 1503 980 testis;

160 991 220 1060 cui
245 993 387 1084 proinde
423 993 627 1082 regulariter
661 995 872 1065 credendum
908 1002 962 1064 est
995 1002 1071 1064 tum
1106 1001 1227 1066 contra
1263 1015 1311 1082 se,
1343 1004 1420 1067 tum
1444 1019 1504 1088 pro

159 1118 199 1168 se
217 1101 275 1188 (b).
303 1106 374 1169 lloo
396 1105 515 1170 autem
539 1099 631 1170 inter
654 1101 821 1172 iudicium
846 1109 881 1171 et
910 1109 1170 1173 sacramentum
1200 1104 1305 1174 distat
1335 1105 1502 1194 maxime,

159 1205 251 1298 quod
275 1206 310 1275 in
334 1206 499 1296 hisquae
524 1207 701 1298 pertinent
723 1209 766 1278 ad
790 1208 962 1280 iudicium
988 1231 1059 1280 non
1084 1216 1137 1280 est
1160 1210 1332 1298 illicitum,
1350 1213 1448 1303 quasi
1465 1217 1503 1282 in

157 1313 404 1401 probabilitate
437 1317 539 1398 iaris,
577 1315 674 1406 sequi
706 1314 887 1404 opiniones
915 1316 1282 1406 probabileS,romissis
1305 1319 1502 1408 tutioribus,

159 1419 259 1488 salva
285 1419 396 1490 torma
421 1419 537 1490 iudicii
570 1422 630 1508 (6);
656 1422 693 1491 in
717 1421 883 1514 hisquae
913 1423 1091 1513 pertinent
1125 1425 1168 1494 ad
1203 1425 1359 1494 valorem
1391 1445 1503 1496 sacra·

163 1525 275 1595 menti
299 1545 379 1594 oum
403 1526 532 1596 damno
556 1527 789 1618 suscipientis,
826 1528 924 1620 quasi
959 1534 998 1598 in
1030 1531 1274 1618 probabilitate
1298 1529 1396 1619 faeti,
1432 1552 1502 1601 non

160 1630 255 1702 licet.
281 1635 454 1717 Ceterum,
480 1637 557 1722 post
580 1638 779 1722 susceptum
803 1639 1075 1720 sacramentum,
1109 1638 1149 1703 io
1172 1635 1275 1704 dnbio
1308 1635 1397 1726 (heic
1420 1657 1503 1727 quo·

161 1739 242 1828 que)
268 1739 437 1806 standum
461 1748 510 1807 est
529 1759 596 1826 pro
619 1741 740 1808 valore
763 1749 880 1810 aetas:
906 1741 1015 1810 immo
1039 1741 1117 1810 heic
1140 1741 1261 1830 magis;
1279 1741 1405 1812 namsi
1422 1762 1504 1810 aon·

160 1843 264 1914 lessio
287 1844 385 1913 irrita
408 1844 486 1930 luit,
523 1845 590 1915 alio
618 1852 837 1916 sacramento
860 1854 1040 1936 suscepto,
1078 1854 1140 1917 aut
1162 1854 1256 1917 certe
1279 1847 1345 1917 alia
1370 1847 1503 1918 contes-

162 1951 258 2024 sione
283 1953 348 2023 rite
372 1959 525 2044 peracta,
551 1961 694 2044 peccata
718 1955 879 2023 delentur
894 1955 953 2043 (7).
980 1959 1109 2024 Verum
1133 1955 1219 2024 haec
1235 1956 1352 2044 regula
1368 1953 1504 2054 exsulat

161 2059 198 2129 in
222 2059 368 2131 articulo
392 2059 527 2146 mortis,
554 2061 590 2130 in
613 2082 681 2153 quo
705 2061 834 2131 tutiora
858 2062 1010 2131 tenenda
1034 2066 1117 2130 sunt
1135 2063 1194 2150 (8).

221 2167 298 2235 299.
324 2171 367 2236 Et
389 2167 475 2236 baec
498 2166 704 2256 generatim,
730 2187 825 2236 nuno
848 2166 982 2255 singula
1007 2166 1263 2256 ingrediamur:
1300 2167 1401 2256 longa
1425 2166 1503 2236 heic

158 2271 318 2343 doctrina
342 2277 406 2358 est,
433 2279 594 2363 ambages
622 2273 758 2362 longae,
794 2293 880 2364 quas
914 2271 1085 2362 attingere
1120 2278 1256 2362 oportet
1290 2293 1361 2342 non
1391 2271 1503 2342 obiter

160 2398 310 2468 prorsus.
337 2379 401 2450 Sed
424 2379 528 2450 liceat
551 2379 710 2449 ordinem
735 2399 852 2449 rerum
876 2380 1162 2468 exponendarum
1192 2378 1352 2448 nonnihil
1377 2378 1501 2448 immu-

159 2490 247 2558 tare:
273 2491 309 2555 et
331 2487 425 2578 (quia
449 2487 485 2556 in
510 2488 576 2557 hoo
599 2507 659 2556 seu
684 2485 823 2572 iudicio,
850 2505 911 2588 seu
935 2492 1167 2572 sacramento,
1201 2485 1372 2577 quaedam
1396 2485 1501 2555 solius

157 2595 234 2666 sive
258 2596 321 2681 rei,
346 2595 420 2664 sive
445 2594 590 2664 subiecti
614 2599 697 2664 sunt
719 2597 846 2682 partes;
872 2593 1042 2685 quaedam
1062 2591 1166 2662 solius
1182 2593 1257 2664 sive
1273 2592 1408 2679 iudicis,
1426 2591 1501 2664 sive

161 2700 326 2790 ministri;
351 2700 521 2792 quaedam
544 2699 726 2790 utriusque
761 2699 875 2786 simul)
912 2699 1015 2769 liceat
1047 2719 1105 2769 eas
1140 2699 1205 2769 boc
1236 2699 1357 2768 eodem
1381 2699 1500 2769 ordine

160 2827 315 2878 seorsum
340 2804 512 2897 prosequi,
537 2811 641 2897 atquc
666 2805 742 2876 ideo
766 2804 870 2874 liceat
892 2804 1045 2894 primum
1077 2825 1178 2892 agere
1208 2803 1250 2873 de
1283 2804 1500 2875 confessione

155 2921 194 2984 et
217 2914 438 3000 contritione;
465 2919 541 2983 tum
564 2915 606 2984 de
630 2913 868 2983 iurisdictione
892 2911 1100 2982 contessoris
1123 2917 1159 2980 et
1187 2911 1415 2999 absolutione;
1442 2912 1500 2981 de·
1614 2923 1618 2930 '

161 3041 259 3090 mum
283 3021 325 3090 de
348 3018 596 3105 satisfactione,
622 3020 708 3090 etsi
732 3019 815 3111 quid
837 3019 912 3089 sive
936 3039 956 3088 a
980 3018 1202 3105 confessario,
1231 3018 1348 3088 sivea
1383 3018 1500 3108 poeni·

158 3131 257 3196 tente
280 3131 436 3195 erratum
459 3125 516 3211 sit,
541 3125 583 3194 de
612 3125 677 3196 hoc
709 3125 945 3194 emendando:
979 3129 1055 3214 post
1082 3124 1167 3194 haec
1197 3123 1430 3214 transgrediar
1456 3123 1499 3192 ad

157 3253 312 3324 eaquae
336 3231 451 3301 Nostri
476 3239 606 3302 vocant
629 3233 801 3302 adiuncta
824 3229 1071 3320 poenitentiae;
1109 3251 1233 3321 nempe
1264 3230 1413 3320 sigillum
1445 3250 1497 3300 sa·

156 3342 386 3426 oramenlale,
411 3348 447 3410 et
474 3340 765 3411 sollicitationem.

218 3637 265 3718 (5)
286 3640 322 3698 D.
349 3639 421 3708 Tu,
454 3637 563 3704 Quodl.
593 3637 618 3709 1,
651 3641 722 3698 Art.
749 3637 796 3696 12.
852 3640 920 3697 tens
941 3637 1040 3696 doluit
1054 3638 1092 3695 ob
1107 3642 1222 3696 metum
1237 3652 1403 3712 poenarum
1417 3641 1497 3696 tem·

159 3719 279 3779 Omnes
286 3738 298 3788 ;
321 3719 353 3778 S.
371 3718 478 3794 ripn,
502 3717 557 3790 VI,
573 3718 642 3776 631.
853 3716 1016 3794 paralium,
1040 3719 1069 3778 si
1090 3716 1247 3775 accusatio
1273 3734 1331 3774 non
1360 3714 1420 3774 fuit
1441 3717 1495 3774 do·

219 3796 266 3878 (6)
286 3799 319 3858 S.
343 3799 451 3874 Alph.,
475 3797 606 3868 vulsa
628 3798 659 3856 in
680 3795 796 3866 fln.,r.
853 3799 965 3869 lorosa3
997 3815 1050 3857 seu
1081 3799 1177 3872 sacti,
1205 3799 1280 3872 puta
1309 3795 1335 3854 si
1363 3795 1496 3866 dubitet,

156 3881 234 3938 Non
254 3879 358 3938 obstat
376 3877 419 3937 3⁰.
443 3879 485 3938 Ut
506 3894 576 3936 ecoe
598 3877 629 3936 in
650 3877 700 3936 his
721 3893 799 3952 quae
852 3895 890 3936 ne
911 3878 989 3936 satis
1010 3877 1180 3953 diligenter
1202 3875 1422 3934 conscientiam
1444 3892 1497 3934 ex·

158 3957 316 4036 pertinent
337 3959 374 4018 ad
395 3958 612 4034 integritatem
635 3955 801 4016 confessio·
853 3958 996 4027 suaserit,
1021 3973 1058 4014 ne
1079 3953 1268 4016 confessario
1289 3953 1424 4014 deluerit
1453 3955 1497 4012 iu-

156 4039 217 4106 nia,
229 4038 267 4096 ad
279 4037 523 4097 iurisdictionem
534 4035 796 4106 confessoriaete.
853 4035 1008 4095 risdictio.

157 4118 260 4177 Salva
275 4123 349 4188 eta,
365 4117 439 4192 quia
452 4119 561 4192 forma
575 4114 658 4193 (baio
673 4116 800 4175 iudicia·
911 4114 957 4196 (8)
978 4117 1016 4174 V.
1042 4115 1075 4175 S.
1099 4115 1207 4190 Alph,
1230 4113 1382 4186 v1,505;
1406 4113 1438 4172 in
1459 4131 1496 4173 eo

158 4197 224 4270 lis,
247 4197 402 4271 quasitot
429 4213 497 4256 csse
518 4198 577 4265 rei,
605 4196 741 4272 pertinet
761 4195 799 4254 ad
852 4195 935 4254 enim
957 4211 1061 4253 rerum
1081 4193 1261 4253 discrimine
1286 4209 1439 4269 supremo,
1463 4199 1496 4253 et

157 4293 198 4334 va
213 4293 299 4336 orem
327 4277 445 4346 iudicii,
473 4281 505 4337 et
536 4275 603 4334 ideo
631 4277 668 4335 ad
696 4291 800 4334 sacra·
853 4273 1065 4350 irreparabili,
1103 4273 1155 4334 lex
1190 4271 1343 4333 naturalis
1378 4273 1497 4333 tutiora

157 4355 256 4416 menti
278 4357 418 4415 valorem
443 4355 580 4433 pertinet
610 4355 672 4436 (Ex
693 4355 796 4414 Innoc.
853 4354 955 4430 exigit
976 4353 1027 4434 (V.
1052 4353 1164 4423 Salm,
1190 4353 1220 4425 6,
1240 4351 1351 4431 7‚18);
1374 4359 1407 4412 et
1428 4354 1496 4412 ideo

29 4433 34 4442 '
159 4435 216 4506 XI,
231 4434 272 4516 1).
853 4427 1005 4493 cbnlessio
1026 4433 1146 4509 obligat
1167 4435 1276 4493 nedum
1297 4451 1336 4492 ex
1365 4433 1497 4492 necessi-

217 4514 263 4595 (7)
284 4515 316 4575 S.
343 4514 452 4592 Alpa,
477 4515 532 4585 Vl,
549 4513 618 4586 450,
635 4515 706 4575 505.
738 4514 799 4573 Sea
853 4519 919 4574 tate
941 4513 1109 4590 praecepti,
1133 4515 1184 4573 sed
1206 4514 1365 4575 etiamen
1392 4529 1498 4572 neces·

155 4596 281 4656 dubium
304 4595 346 4656 sit
368 4598 465 4665 r'arr's,
491 4600 526 4656 ut
547 4613 616 4655 ecce
644 4595 671 4655 si
698 4593 801 4672 poeni·
853 4593 950 4654 sitate
971 4595 1077 4654 medii.
