3594 5122
390 269 494 316 canor
518 271 552 316 ιι.
579 271 619 314 ns
643 270 918 316 saoaauasronun
943 270 1077 316 rrarurs
1101 272 1139 314 ar
1164 268 1353 316 srrscrrsus
1476 249 1537 316 att

198 371 317 442 rabilia
340 370 529 440 distinctio.
569 370 794 441 reiterabatur
818 371 935 462 itaque
959 375 1042 440 sunt
1066 371 1273 461 baptismus,
1308 369 1540 458 confirmatio,

196 484 233 548 et
256 476 350 548 ordo.
377 477 560 548 lterobtlta
584 477 805 564 eucharistia,
843 484 879 546 et
901 477 1135 568 poenitentia:
1173 478 1266 548 inter
1297 479 1383 548 baec
1417 481 1542 548 tenent

196 589 355 671 extrema
379 582 500 652 unctio
524 589 559 652 et
583 581 862 670 matrimonium,
879 583 1005 675 quippe
1021 605 1110 675 quae
1125 585 1274 654 durante
1291 584 1402 654 solum
1418 583 1541 652 eadem

194 689 411 777 infirmitate,
429 689 619 782 eodemque
643 691 818 781 coniugio,
836 711 1030 781 perperam,
1050 699 1161 783 atque
1185 690 1261 761 ideo
1287 713 1357 762 non
1375 693 1539 788 sinegra-

195 797 232 868 vi
256 796 659 888 sacrilegio,·iterantur.

255 903 331 974 tlh.
359 905 582 974 Sacramenta
608 909 649 976 N.
676 910 712 974 L.
738 902 964 994 significando
988 903 1162 992 alliciunt5
1187 904 1264 974 ideo
1281 905 1317 974 in
1334 926 1375 976 eo
1392 906 1538 978 instanti

195 1007 352 1079 efficiunt
377 1008 411 1077 id
434 1009 527 1100 quod
551 1008 769 1098 significant,
795 1009 831 1080 in
856 1030 924 1101 quo
947 1009 1084 1099 signum
1115 1009 1303 1100 perficitur.
1339 1017 1380 1081 Et
1403 1012 1453 1100 vi,
1479 1033 1540 1084 seu

197 1113 329 1184 virtute
353 1113 459 1204 ipsius
481 1115 583 1202 signi,
616 1115 704 1185 idest
727 1117 894 1186 materiae
919 1123 955 1186 et
978 1115 1178 1202 verbomm,
1204 1116 1238 1187 id
1269 1117 1424 1188 efficiunt
1447 1119 1538 1210 llll);

187 1221 270 1322 ‘sive
294 1227 333 1290 ut
356 1222 392 1291 in
409 1222 534 1292 scholis
550 1221 737 1314 loquimur,
755 1245 799 1292 ex
815 1245 918 1311 opere
933 1233 1074 1312 operato
1094 1225 1175 1312 (ll):
1195 1224 1406 1316 proindeque
1423 1226 1542 1295 verius

196 1349 269 1400 non
288 1331 465 1402 moraliter
481 1330 590 1421 (quasi
607 1350 732 1400 causae
748 1331 917 1422 quaedam
934 1329 1180 1418 occasionales)
1200 1331 1251 1400 uti
1269 1332 1435 1402 Scotistae
1455 1334 1538 1422 (lt),

195 1435 254 1505 sed
278 1436 432 1526 physice,
459 1437 510 1506 uti
535 1435 731 1506 Thomistae
750 1439 830 1526 (15),
856 1445 893 1507 et
917 1437 1122 1508 necessario:
1149 1445 1253 1526 atque
1278 1437 1354 1507 ideo
1379 1460 1449 1508 non
1468 1461 1539 1508 me-

199 1543 267 1613 rito
291 1543 525 1616 ministrantis
548 1565 601 1628 ea,
629 1565 695 1614 nec
719 1541 948 1634 suscipientis,
974 1549 1009 1613 et
1032 1565 1093 1633 per
1116 1564 1153 1612 se
1169 1544 1359 1636 aequaliter
1374 1543 1410 1614 in
1427 1545 1540 1614 omni-

196 1651 259 1722 bus
278 1654 361 1741 (lt).

260 1761 337 1829 tlt.
366 1766 493 1830 Verum
518 1765 557 1828 ut
580 1767 799 1830 sacramenta
822 1761 956 1828 efficere
981 1759 1114 1848 possint
1136 1759 1170 1828 id
1201 1761 1292 1851 quod
1326 1760 1537 1848 significant,

199 1886 342 1936 necesse
365 1874 419 1938 est
442 1875 481 1936 ut
504 1867 633 1948 validm
659 1865 710 1934 uti
735 1872 852 1935 autem
876 1887 999 1935 revera
1024 1865 1057 1935 id
1080 1867 1244 1954 efficiant,
1272 1889 1412 1940 necesse
1440 1890 1538 1959 prae·

196 1977 292 2040 terea
316 1978 381 2058 est,
400 1979 438 2040 ut
455 1973 546 2040 licite
563 1970 785 2060 recipiantur.
806 1974 1069 2042 Sacramentum
1086 1972 1254 2062 recipitur
1267 1975 1384 2043 aalide
1399 1976 1540 2066 quando

196 2075 283 2146 nihil
306 2073 402 2146 deest
426 2098 470 2146 ex
494 2077 658 2168 hisquae
682 2079 725 2147 ad
748 2077 980 2146 substantiam
1005 2077 1078 2147 eius
1102 2077 1294 2167 pertinent,
1327 2081 1417 2148 licite
1452 2080 1539 2150 reci-

195 2181 290 2272 pitur
312 2181 450 2273 quando
474 2183 516 2252 de
537 2182 738 2252 necessariis
753 2183 1033 2274 dispositionibus
1048 2183 1084 2252 in
1101 2183 1310 2274 suscipiente
1325 2185 1421 2256 deest
1437 2185 1535 2255 nihil.

196 2289 419 2358 Sacramenta
442 2309 530 2373 quae
556 2287 668 2386 valide
700 2295 736 2356 et
765 2288 858 2358 licite
894 2287 1130 2378 recipiuntur,
1167 2288 1314 2378 gratiam
1351 2291 1540 2360 conferunt

195 2397 366 2486 protinus,
392 2396 468 2466 ideo
493 2397 665 2484 scrutato:
693 2415 780 2486 quae
797 2395 922 2480 valide,
940 2396 999 2464 sed
1015 2417 1086 2464 non
1102 2395 1194 2465 licite
1213 2395 1314 2485 (idest
1329 2418 1409 2467 cum
1426 2397 1534 2485 obice)

196 2523 268 2572 non
291 2505 479 2574 conterunt
502 2501 663 2592 gratiam,
689 2502 765 2572 ideo
788 2501 964 2590 informia
979 2501 1046 2572 dici
1063 2503 1175 2572 solent
1193 2505 1275 2592 (lh).
1302 2509 1350 2574 De
1366 2505 1418 2574 his
1434 2526 1536 2596 quae·

197 2609 287 2678 ritur
310 2631 418 2696 num,
443 2610 578 2680 sublato
603 2617 720 2699 postea
744 2609 860 2692 obice,
886 2607 1121 2695 reviviscant;
1147 2608 1235 2677 idest
1259 2630 1305 2678 an
1341 2619 1425 2678 tunc
1459 2631 1537 2680 earn

196 2717 344 2807 gratiam
371 2723 548 2808 praestent
571 2737 675 2808 quam
700 2716 743 2785 ab
767 2715 867 2785 initio
891 2714 966 2784 sine
990 2715 1086 2784 obice
1111 2715 1375 2804 praestitissent.
1414 2723 1456 2786 Et
1478 2717 1537 2787 ba·

197 2825 363 2917 ptismnm
398 2824 621 2908 reviviscere,
657 2823 736 2914 quia
760 2843 830 2892 non
855 2827 969 2912 potest
992 2820 1206 2911 iterari(lti),
1232 2823 1534 2894 communissima:

272 3265 308 3324 ll
345 3266 445 3331 Tris,
478 3267 509 3323 b.
538 3273 573 3333 t.,
595 3263 669 3322 (lan.
694 3263 723 3321 8.
748 3265 842 3322 Secus
895 3263 1535 3344 volitnolitralidcbaptizat(Ib.,§143,

196 3364 234 3406 ac
266 3346 414 3406 contritio
447 3345 497 3403 vel
530 3343 647 3402 caritas
669 3343 839 3419 perlecta,
895 3364 926 3404 11.
953 3345 996 3422 9):
1020 3343 1147 3402 minime
1167 3344 1219 3424 (V.
1246 3344 1418 3416 Ballerini,
1446 3347 1533 3405 Tom.

195 3443 273 3502 quae
294 3443 362 3483 eam
378 3424 541 3484 conferunt
555 3441 594 3481 ex
610 3439 701 3498 opere
715 3439 842 3498 operon·
896 3425 951 3498 IV,
975 3425 1006 3484 b.
1026 3431 1061 3492 t.,
1083 3441 1111 3480 ιι.
1130 3424 1182 3501 26)
1203 3423 1275 3499 quia
1297 3441 1409 3482 revera
1431 3444 1535 3484 causa

195 3507 250 3563 tis.
275 3504 364 3580 Opus
383 3513 567 3581 operatum,
589 3502 712 3579 phrasis
733 3508 781 3561 est
797 3503 841 3561 in·
894 3505 1148 3585 (sacramentum)
1177 3503 1228 3563 hic
1257 3503 1353 3574 deest,
1387 3521 1458 3564 nam
1483 3505 1536 3580 qui

196 3588 289 3644 vecta
310 3601 387 3642 aero
414 3585 518 3644 Innoe.
543 3583 599 3643 Ill.
894 3588 946 3645 bic
967 3589 999 3644 et
1021 3601 1099 3642 nunc
1120 3601 1177 3642 non
1200 3583 1269 3643 vult
1288 3584 1426 3653 abluere,
1450 3602 1536 3642 mun-

255 3663 321 3744 (12)
344 3665 468 3739 Sporer,
492 3667 524 3722 h.
542 3673 576 3732 t.,
591 3682 621 3721 n.
639 3663 688 3721 47.
720 3661 839 3740 Nempe
894 3667 978 3734 dare,
1003 3665 1029 3722 is
1050 3681 1162 3722 revera
1183 3663 1342 3740 baptizare
1364 3683 1433 3722 ason
1455 3665 1537 3733 ararit,

195 3746 345 3802 movendo
367 3746 462 3804 Deum
478 3747 516 3803 ad
532 3743 669 3820 gratiam
683 3741 838 3817 elargien-
894 3750 986 3820 atque
1007 3743 1075 3802 ideo
1096 3761 1154 3800 non
1176 3744 1325 3820 baptizat.

196 3824 278 3882 dam.
953 3823 1017 3904 (14)
1040 3825 1075 3881 l).
1093 3823 1165 3894 Th,
1183 3823 1240 3896 ΙΙΙ,
1256 3824 1308 3894 69,
1323 3826 1352 3884 8.
1371 3855 1388 3868 -
1410 3825 1474 3884 Per
1489 3843 1537 3893 se,-

256 3901 322 3981 (13)
343 3905 381 3963 V.
400 3905 505 3976 Suam,
522 3903 551 3974 3,
569 3905 599 3961 in
615 3902 689 3960 Par.
709 3901 744 3959 Ι).
763 3903 835 3973 Th,
894 3923 963 3963 nam
986 3919 1041 3980 per
1069 3903 1210 3962 accidens
1238 3903 1347 3979 augeri
1368 3909 1471 3980 potest
1495 3921 1535 3964 ex

195 3983 225 4054 3,
242 3981 273 4054 3,
295 3983 377 4043 Sect.
404 3983 431 4053 1,
456 3985 542 4062 Disp.
564 3983 595 4054 7,
618 3983 645 4054 1,
662 3983 692 4041 (i.
715 3983 838 4041 Etenim
892 3984 1006 4044 merito
1029 3983 1197 4057 utriusque.

195 4069 392 4124 sacramenta
414 4065 453 4124 N.
472 4063 508 4122 L.
534 4062 670 4140 gratiam
692 4078 783 4136 quam
798 4063 839 4121 si·
952 4061 1017 4142 (15)
1040 4063 1165 4138 Sporer,
1189 4083 1220 4122 n.
1242 4062 1292 4122 25.
1318 4063 1390 4122 llixi
1406 4062 1437 4120 id
1452 4065 1531 4137 quod

195 4142 358 4218 gnificant,
383 4150 415 4204 et
429 4144 604 4212 conferunt,
621 4145 653 4201 et
667 4144 841 4202 contineat
892 4143 1082 4222 significant,
1106 4157 1214 4218 nempe
1228 4145 1372 4218 pretium
1388 4159 1445 4201 non
1462 4144 1536 4201 cha·

196 4221 314 4302 (ἓῖὶθ,
339 4243 367 4283 n.
385 4223 428 4302 6).
464 4223 547 4294 Inde,
572 4241 603 4281 v.
627 4241 668 4292 c.‚
692 4238 770 4297 aqua
791 4239 839 4281 re·
892 4231 1057 4294 racterem3
1081 4239 1169 4296 quem
1191 4224 1287 4281 etiam
1309 4222 1456 4282 informia
1477 4223 1534 4281 im·

195 4303 353 4362 nascimur
374 4303 405 4361 iu
428 4305 584 4380 baptismo
597 4301 721 4382 (roan.
736 4305 764 4362 V
792 4301 834 4380 5),
891 4305 1039 4379 primunt,
1057 4305 1167 4378 quippe
1181 4301 1234 4376 qui
1248 4319 1315 4360 cum
1328 4307 1454 4380 peccato
1466 4319 1535 4360 con·

194 4383 314 4456 quando
336 4383 394 4442 illa
425 4403 442 4444 a
465 4400 583 4458 corpus
606 4384 716 4458 taupit
735 4346 775 4444 ef
784 4401 838 4442 cor
892 4383 1003 4442 sistere
1024 4386 1138 4460 potest.

256 3183 324 3345 qld)
344 3187 495 3261 Borang„
525 3184 599 3264 Cap.
624 3183 681 3252 ΙΙΙ,
698 3183 759 3256 ἓ3.
894 3201 943 3244 mo
958 3184 1157 3260 suspendendi
1174 3186 1316 3243 allectum
1331 3187 1535 3258 sacramenti,

93 4525 99 4543 .
195 4462 304 4520 abluit
324 4481 350 4521 s.
382 4465 483 4540 Ergo,
517 4463 622 4533 dices·
642 4463 706 4537 qui,
739 4482 770 4522 r.
794 4481 834 4536 c.,
950 4459 1016 4542 (16)
1038 4463 1070 4522 S.
1088 4463 1182 4538 Aug„
1205 4461 1275 4521 Lib.
1294 4461 1322 4533 1,
1347 4461 1455 4521 Contr.
1474 4463 1534 4522 Do-

192 4539 335 4618 baptizat
347 4545 401 4602 sub
417 4545 474 4602 hac
489 4543 664 4604 conditione
680 4574 697 4586 -
713 4543 750 4601 Si
763 4561 836 4603 eras
892 4551 977 4613 acra,
999 4545 1072 4620 Cap.
1101 4540 1148 4601 13.

194 4623 244 4678 sol
252 4625 378 4680 orietur
389 4619 441 4700 (V.
450 4623 551 4695 Proh,
563 4624 582 4697 ἓ
592 4623 641 4692 41,
656 4640 685 4680 n.
696 4621 760 4701 27),
772 4623 837 4682 ani·
