<?xml version="1.0" encoding="UTF-8"?>
<!DOCTYPE html PUBLIC "-//W3C//DTD XHTML 1.0 Transitional//EN"
    "http://www.w3.org/TR/xhtml1/DTD/xhtml1-transitional.dtd">
<html xmlns="http://www.w3.org/1999/xhtml" xml:lang="en" lang="en">
 <head>
  <title>
</title>
<meta http-equiv="Content-Type" content="text/html;charset=utf-8" />
  <meta name='ocr-system' content='tesseract 3.04.00' />
  <meta name='ocr-capabilities' content='ocr_page ocr_carea ocr_par ocr_line ocrx_word'/>
</head>
<body>
  <div class='ocr_page' id='page_1' title='image "./summulatheologi02annigoog_0409.png"; bbox 0 0 3530 5124; ppageno 0'>
   <div class='ocr_carea' id='block_1_1' title="bbox 433 241 1494 313">
    <p class='ocr_par' dir='ltr' id='par_1_1' title="bbox 433 241 1494 313">
     <span class='ocr_line' id='line_1_1' title="bbox 433 241 1494 313; baseline -0.001 0"><span class='ocrx_word' id='word_1_1' title='bbox 433 266 537 313; x_wconf 68' lang='lat' dir='ltr'>orror</span> <span class='ocrx_word' id='word_1_2' title='bbox 562 267 610 313; x_wconf 92' lang='grc' dir='ltr'>ιιι.</span> <span class='ocrx_word' id='word_1_3' title='bbox 637 267 676 312; x_wconf 84' lang='lat' dir='ltr'>nu</span> <span class='ocrx_word' id='word_1_4' title='bbox 700 265 900 312; x_wconf 73' lang='lat' dir='ltr'>uarnrnosro</span> <span class='ocrx_word' id='word_1_5' title='bbox 923 265 981 311; x_wconf 78' lang='grc' dir='ltr'><strong>ιιιι</strong></span> <span class='ocrx_word' id='word_1_6' title='bbox 1006 264 1193 310; x_wconf 75' lang='lat' dir='ltr'>nostrerum</span> <span class='ocrx_word' id='word_1_7' title='bbox 1426 241 1494 312; x_wconf 82' lang='lat' dir='ltr'>tdtt</span> 
     </span>
    </p>
   </div>
   <div class='ocr_carea' id='block_1_2' title="bbox 140 366 1494 994">
    <p class='ocr_par' dir='ltr' id='par_1_2' title="bbox 140 366 1492 545">
     <span class='ocr_line' id='line_1_2' title="bbox 140 366 1492 458; baseline -0.001 -22"><span class='ocrx_word' id='word_1_8' title='bbox 140 389 231 457; x_wconf 86' lang='lat' dir='ltr'>quae</span> <span class='ocrx_word' id='word_1_9' title='bbox 254 367 511 458; x_wconf 78' lang='lat' dir='ltr'>dispensatione</span> <span class='ocrx_word' id='word_1_10' title='bbox 535 391 607 439; x_wconf 94' lang='lat' dir='ltr'>non</span> <span class='ocrx_word' id='word_1_11' title='bbox 632 375 753 458; x_wconf 78' lang='lat' dir='ltr'>egent3</span> <span class='ocrx_word' id='word_1_12' title='bbox 780 377 917 457; x_wconf 76' lang='lat' dir='ltr'>raptos,</span> <span class='ocrx_word' id='word_1_13' title='bbox 942 367 1220 453; x_wconf 85' lang='lat' dir='ltr'>cloodesttnttos,</span> <span class='ocrx_word' id='word_1_14' title='bbox 1247 366 1400 455; x_wconf 74' lang='lat' dir='ltr'>desectos</span> <span class='ocrx_word' id='word_1_15' title='bbox 1431 385 1492 435; x_wconf 93' lang='lat' dir='ltr'>seu</span> 
     </span>
     <span class='ocr_line' id='line_1_3' title="bbox 140 463 685 545; baseline 0 -1"><span class='ocrx_word' id='word_1_16' title='bbox 140 478 267 545; x_wconf 80' lang='lat' dir='ltr'>vitium</span> <span class='ocrx_word' id='word_1_17' title='bbox 292 496 491 545; x_wconf 82' lang='lat' dir='ltr'>consensus.</span> <span class='ocrx_word' id='word_1_18' title='bbox 682 463 685 470; x_wconf 66' lang='grc'><strong>’</strong></span> 
     </span>
    </p>

    <p class='ocr_par' dir='ltr' id='par_1_3' title="bbox 141 579 1494 994">
     <span class='ocr_line' id='line_1_4' title="bbox 200 579 1494 652; baseline -0.003 0"><span class='ocrx_word' id='word_1_19' title='bbox 200 583 280 652; x_wconf 83' lang='grc'>481.</span> <span class='ocrx_word' id='word_1_20' title='bbox 309 582 372 651; x_wconf 88' lang='lat' dir='ltr'>Sed</span> <span class='ocrx_word' id='word_1_21' title='bbox 407 589 489 651; x_wconf 90' lang='lat' dir='ltr'>ante</span> <span class='ocrx_word' id='word_1_22' title='bbox 514 583 633 652; x_wconf 92' lang='lat' dir='ltr'>omnia</span> <span class='ocrx_word' id='word_1_23' title='bbox 668 579 878 651; x_wconf 88' lang='lat' dir='ltr'>admonendi</span> <span class='ocrx_word' id='word_1_24' title='bbox 902 600 1023 650; x_wconf 89' lang='lat' dir='ltr'>sumus</span> <span class='ocrx_word' id='word_1_25' title='bbox 1046 599 1173 650; x_wconf 81' lang='lat' dir='ltr'>caesos</span> <span class='ocrx_word' id='word_1_26' title='bbox 1209 580 1494 650; x_wconf 75' lang='lat' dir='ltr'><em>matrimoniales</em></span> 
     </span>
     <span class='ocr_line' id='line_1_5' title="bbox 142 686 1489 778; baseline -0.001 -19"><span class='ocrx_word' id='word_1_27' title='bbox 142 689 243 759; x_wconf 92' lang='lat' dir='ltr'>hodie</span> <span class='ocrx_word' id='word_1_28' title='bbox 258 689 302 760; x_wconf 90' lang='lat' dir='ltr'>ad</span> <span class='ocrx_word' id='word_1_29' title='bbox 318 693 480 778; x_wconf 82' lang='lat' dir='ltr'>Episcopi</span> <span class='ocrx_word' id='word_1_30' title='bbox 494 699 636 759; x_wconf 81' lang='lat' dir='ltr'>tontum</span> <span class='ocrx_word' id='word_1_31' title='bbox 653 691 697 778; x_wconf 86' lang='lat' dir='ltr'>(l)</span> <span class='ocrx_word' id='word_1_32' title='bbox 715 696 751 759; x_wconf 91' lang='lat' dir='ltr'>et</span> <span class='ocrx_word' id='word_1_33' title='bbox 775 687 902 758; x_wconf 81' lang='lat' dir='ltr'>vicarii</span> <span class='ocrx_word' id='word_1_34' title='bbox 919 687 1121 778; x_wconf 74' lang='lat' dir='ltr'>capitularis</span> <span class='ocrx_word' id='word_1_35' title='bbox 1148 686 1424 757; x_wconf 89' lang='lat' dir='ltr'>iurisdictionem</span> <span class='ocrx_word' id='word_1_36' title='bbox 1442 688 1489 777; x_wconf 86' lang='grc'>(2)</span> 
     </span>
     <span class='ocr_line' id='line_1_6' title="bbox 141 793 1492 885; baseline -0.001 -21"><span class='ocrx_word' id='word_1_37' title='bbox 141 795 327 885; x_wconf 86' lang='lat' dir='ltr'>pertinere.</span> <span class='ocrx_word' id='word_1_38' title='bbox 354 796 568 866; x_wconf 73' lang='lat' dir='ltr'>tractandae</span> <span class='ocrx_word' id='word_1_39' title='bbox 592 802 675 865; x_wconf 88' lang='lat' dir='ltr'>sunt</span> <span class='ocrx_word' id='word_1_40' title='bbox 697 795 782 864; x_wconf 90' lang='lat' dir='ltr'>iuris</span> <span class='ocrx_word' id='word_1_41' title='bbox 805 794 939 880; x_wconf 80' lang='lat' dir='ltr'><strong>ordine,</strong></span> <span class='ocrx_word' id='word_1_42' title='bbox 962 801 1002 863; x_wconf 93' lang='lat' dir='ltr'>ut</span> <span class='ocrx_word' id='word_1_43' title='bbox 1025 794 1109 864; x_wconf 90' lang='lat' dir='ltr'>alias</span> <span class='ocrx_word' id='word_1_44' title='bbox 1133 800 1279 885; x_wconf 85' lang='lat' dir='ltr'>atquae</span> <span class='ocrx_word' id='word_1_45' title='bbox 1304 795 1346 864; x_wconf 93' lang='lat' dir='ltr'>ad</span> <span class='ocrx_word' id='word_1_46' title='bbox 1371 793 1492 863; x_wconf 92' lang='lat' dir='ltr'>matri·</span> 
     </span>
     <span class='ocr_line' id='line_1_7' title="bbox 141 901 1493 994; baseline 0 -22"><span class='ocrx_word' id='word_1_47' title='bbox 141 903 260 973; x_wconf 89' lang='lat' dir='ltr'>monia</span> <span class='ocrx_word' id='word_1_48' title='bbox 295 901 514 974; x_wconf 87' lang='lat' dir='ltr'>dissolvenda</span> <span class='ocrx_word' id='word_1_49' title='bbox 539 903 728 994; x_wconf 79' lang='lat' dir='ltr'>pertinent,</span> <span class='ocrx_word' id='word_1_50' title='bbox 754 903 797 973; x_wconf 92' lang='lat' dir='ltr'>ad</span> <span class='ocrx_word' id='word_1_51' title='bbox 831 923 992 973; x_wconf 88' lang='lat' dir='ltr'>normam</span> <span class='ocrx_word' id='word_1_52' title='bbox 1020 907 1136 972; x_wconf 84' lang='lat' dir='ltr'>Consi.</span> <span class='ocrx_word' id='word_1_53' title='bbox 1163 902 1289 971; x_wconf 88' lang='lat' dir='ltr'>Bened.</span> <span class='ocrx_word' id='word_1_54' title='bbox 1317 905 1391 970; x_wconf 83' lang='lat' dir='ltr'>xlv</span> <span class='ocrx_word' id='word_1_55' title='bbox 1427 905 1493 972; x_wconf 84' lang='lat' dir='ltr'>Dei</span> 
     </span>
    </p>
   </div>
   <div class='ocr_carea' id='block_1_3' title="bbox 7 1000 1493 1634">
    <p class='ocr_par' dir='ltr' id='par_1_4' title="bbox 7 1000 1493 1634">
     <span class='ocr_line' id='line_1_8' title="bbox 15 1000 1493 1098; baseline -0.003 -18"><span class='ocrx_word' id='word_1_56' title='bbox 15 1055 17 1060; x_wconf 84' lang='lat'><em>·</em></span> <span class='ocrx_word' id='word_1_57' title='bbox 142 1014 368 1080; x_wconf 86' lang='lat' dir='ltr'>Miserotiooe</span> <span class='ocrx_word' id='word_1_58' title='bbox 392 1011 412 1079; x_wconf 78' lang='lat'>5</span> <span class='ocrx_word' id='word_1_59' title='bbox 438 1015 526 1080; x_wconf 88' lang='lat' dir='ltr'>Nov.</span> <span class='ocrx_word' id='word_1_60' title='bbox 557 1012 637 1080; x_wconf 85' lang='grc'>1741</span> <span class='ocrx_word' id='word_1_61' title='bbox 667 1000 901 1098; x_wconf 83' lang='lat' dir='ltr'>expediendae</span> <span class='ocrx_word' id='word_1_62' title='bbox 925 1014 1019 1080; x_wconf 90' lang='lat' dir='ltr'>sunt.</span> <span class='ocrx_word' id='word_1_63' title='bbox 1042 1008 1151 1078; x_wconf 87' lang='lat' dir='ltr'>Huius</span> <span class='ocrx_word' id='word_1_64' title='bbox 1174 1013 1292 1078; x_wconf 90' lang='lat' dir='ltr'>autem</span> <span class='ocrx_word' id='word_1_65' title='bbox 1317 1008 1384 1078; x_wconf 95' lang='lat' dir='ltr'>duo</span> <span class='ocrx_word' id='word_1_66' title='bbox 1409 1013 1493 1077; x_wconf 89' lang='lat' dir='ltr'>sunt</span> 
     </span>
     <span class='ocr_line' id='line_1_9' title="bbox 7 1113 1486 1204; baseline -0.001 -20"><span class='ocrx_word' id='word_1_67' title='bbox 7 1113 8 1122; x_wconf 75' lang='grc'>’</span> <span class='ocrx_word' id='word_1_68' title='bbox 99 1157 102 1164; x_wconf 89' lang='lat'>·</span> <span class='ocrx_word' id='word_1_69' title='bbox 140 1114 301 1204; x_wconf 81' lang='lat' dir='ltr'>specialia</span> <span class='ocrx_word' id='word_1_70' title='bbox 332 1121 368 1184; x_wconf 94' lang='lat' dir='ltr'>et</span> <span class='ocrx_word' id='word_1_71' title='bbox 408 1115 667 1202; x_wconf 87' lang='lat' dir='ltr'>substantialia;</span> <span class='ocrx_word' id='word_1_72' title='bbox 699 1120 738 1183; x_wconf 91' lang='lat' dir='ltr'>ut</span> <span class='ocrx_word' id='word_1_73' title='bbox 772 1115 934 1186; x_wconf 88' lang='lat' dir='ltr'>omnihus</span> <span class='ocrx_word' id='word_1_74' title='bbox 967 1114 1054 1184; x_wconf 88' lang='lat' dir='ltr'>actis</span> <span class='ocrx_word' id='word_1_75' title='bbox 1091 1113 1229 1184; x_wconf 88' lang='lat' dir='ltr'>intersit</span> <span class='ocrx_word' id='word_1_76' title='bbox 1264 1113 1397 1184; x_wconf 90' lang='lat' dir='ltr'>iuratus</span> <span class='ocrx_word' id='word_1_77' title='bbox 1430 1113 1486 1182; x_wconf 95' lang='lat' dir='ltr'>de-</span> 
     </span>
     <span class='ocr_line' id='line_1_10' title="bbox 144 1219 1488 1315; baseline -0.004 -23"><span class='ocrx_word' id='word_1_78' title='bbox 144 1224 262 1292; x_wconf 90' lang='lat' dir='ltr'>iensor</span> <span class='ocrx_word' id='word_1_79' title='bbox 285 1223 437 1311; x_wconf 88' lang='lat' dir='ltr'>vinculi;</span> <span class='ocrx_word' id='word_1_80' title='bbox 463 1230 570 1315; x_wconf 89' lang='lat' dir='ltr'>utque</span> <span class='ocrx_word' id='word_1_81' title='bbox 594 1223 623 1292; x_wconf 88' lang='lat' dir='ltr'>is</span> <span class='ocrx_word' id='word_1_82' title='bbox 645 1245 664 1292; x_wconf 93' lang='lat' dir='ltr'>a</span> <span class='ocrx_word' id='word_1_83' title='bbox 688 1223 876 1308; x_wconf 89' lang='lat' dir='ltr'>sententia,</span> <span class='ocrx_word' id='word_1_84' title='bbox 901 1243 990 1314; x_wconf 90' lang='lat' dir='ltr'>quae</span> <span class='ocrx_word' id='word_1_85' title='bbox 1025 1223 1115 1292; x_wconf 80' lang='lat' dir='ltr'>torte</span> <span class='ocrx_word' id='word_1_86' title='bbox 1138 1220 1402 1290; x_wconf 79' lang='lat' dir='ltr'>matrimonium</span> <span class='ocrx_word' id='word_1_87' title='bbox 1438 1219 1488 1288; x_wconf 93' lang='lat' dir='ltr'>di-</span> 
     </span>
     <span class='ocr_line' id='line_1_11' title="bbox 142 1329 1491 1422; baseline -0.001 -24"><span class='ocrx_word' id='word_1_88' title='bbox 142 1331 258 1416; x_wconf 93' lang='lat' dir='ltr'>remit,</span> <span class='ocrx_word' id='word_1_89' title='bbox 284 1329 328 1400; x_wconf 92' lang='lat' dir='ltr'>ad</span> <span class='ocrx_word' id='word_1_90' title='bbox 351 1330 501 1400; x_wconf 91' lang='lat' dir='ltr'>iudicem</span> <span class='ocrx_word' id='word_1_91' title='bbox 536 1330 748 1421; x_wconf 90' lang='lat' dir='ltr'>superiorem</span> <span class='ocrx_word' id='word_1_92' title='bbox 784 1332 933 1422; x_wconf 92' lang='lat' dir='ltr'>appellet</span> <span class='ocrx_word' id='word_1_93' title='bbox 967 1351 1011 1399; x_wconf 84' lang='lat' dir='ltr'>ex</span> <span class='ocrx_word' id='word_1_94' title='bbox 1035 1329 1159 1415; x_wconf 83' lang='lat' dir='ltr'>officio,</span> <span class='ocrx_word' id='word_1_95' title='bbox 1186 1350 1251 1400; x_wconf 91' lang='lat' dir='ltr'>nec</span> <span class='ocrx_word' id='word_1_96' title='bbox 1285 1329 1491 1420; x_wconf 78' lang='lat' dir='ltr'>acquiescat</span> 
     </span>
     <span class='ocr_line' id='line_1_12' title="bbox 142 1435 1491 1527; baseline 0 -21"><span class='ocrx_word' id='word_1_97' title='bbox 142 1437 209 1508; x_wconf 91' lang='lat' dir='ltr'>nisi</span> <span class='ocrx_word' id='word_1_98' title='bbox 233 1444 310 1526; x_wconf 87' lang='lat' dir='ltr'>post</span> <span class='ocrx_word' id='word_1_99' title='bbox 332 1439 424 1507; x_wconf 84' lang='lat' dir='ltr'>duos</span> <span class='ocrx_word' id='word_1_100' title='bbox 454 1437 652 1524; x_wconf 84' lang='lat' dir='ltr'>conformes</span> <span class='ocrx_word' id='word_1_101' title='bbox 675 1458 736 1527; x_wconf 95' lang='lat' dir='ltr'>pro</span> <span class='ocrx_word' id='word_1_102' title='bbox 760 1436 920 1506; x_wconf 82' lang='lat' dir='ltr'>nullitate</span> <span class='ocrx_word' id='word_1_103' title='bbox 943 1435 1136 1508; x_wconf 85' lang='lat' dir='ltr'>sententias</span> <span class='ocrx_word' id='word_1_104' title='bbox 1158 1437 1217 1524; x_wconf 80' lang='grc'>(5).</span> <span class='ocrx_word' id='word_1_105' title='bbox 1237 1435 1491 1526; x_wconf 79' lang='lat' dir='ltr'>Appellationes</span> 
     </span>
     <span class='ocr_line' id='line_1_13' title="bbox 140 1541 1490 1634; baseline -0.002 -18"><span class='ocrx_word' id='word_1_106' title='bbox 140 1553 260 1616; x_wconf 90' lang='lat' dir='ltr'>autem</span> <span class='ocrx_word' id='word_1_107' title='bbox 284 1553 367 1616; x_wconf 88' lang='lat' dir='ltr'>sunt</span> <span class='ocrx_word' id='word_1_108' title='bbox 389 1565 512 1615; x_wconf 91' lang='lat' dir='ltr'>omnes</span> <span class='ocrx_word' id='word_1_109' title='bbox 528 1544 566 1614; x_wconf 94' lang='lat' dir='ltr'>in</span> <span class='ocrx_word' id='word_1_110' title='bbox 588 1544 790 1615; x_wconf 87' lang='lat' dir='ltr'>devolutivo</span> <span class='ocrx_word' id='word_1_111' title='bbox 809 1545 869 1634; x_wconf 89' lang='grc'>(4).</span> <span class='ocrx_word' id='word_1_112' title='bbox 889 1549 1018 1614; x_wconf 89' lang='lat' dir='ltr'>Verum</span> <span class='ocrx_word' id='word_1_113' title='bbox 1042 1542 1262 1614; x_wconf 89' lang='lat' dir='ltr'>benedictina</span> <span class='ocrx_word' id='word_1_114' title='bbox 1286 1541 1490 1613; x_wconf 87' lang='lat' dir='ltr'>constitutio</span> 
     </span>
    </p>
   </div>
   <div class='ocr_carea' id='block_1_4' title="bbox 137 1647 1489 2680">
    <p class='ocr_par' dir='ltr' id='par_1_5' title="bbox 137 1647 1489 2680">
     <span class='ocr_line' id='line_1_14' title="bbox 141 1647 1489 1744; baseline -0.004 -20"><span class='ocrx_word' id='word_1_115' title='bbox 141 1661 227 1724; x_wconf 88' lang='lat' dir='ltr'>tunc</span> <span class='ocrx_word' id='word_1_116' title='bbox 250 1653 386 1744; x_wconf 92' lang='lat' dir='ltr'>proprie</span> <span class='ocrx_word' id='word_1_117' title='bbox 402 1654 517 1722; x_wconf 93' lang='lat' dir='ltr'>locum</span> <span class='ocrx_word' id='word_1_118' title='bbox 534 1652 638 1722; x_wconf 91' lang='lat' dir='ltr'>habet</span> <span class='ocrx_word' id='word_1_119' title='bbox 662 1671 742 1721; x_wconf 89' lang='lat' dir='ltr'>cum</span> <span class='ocrx_word' id='word_1_120' title='bbox 767 1651 1056 1742; x_wconf 86' lang='lat' dir='ltr'>impedimentum</span> <span class='ocrx_word' id='word_1_121' title='bbox 1074 1656 1234 1720; x_wconf 83' lang='lat' dir='ltr'>versatur</span> <span class='ocrx_word' id='word_1_122' title='bbox 1255 1650 1347 1742; x_wconf 91' lang='lat' dir='ltr'>quod</span> <span class='ocrx_word' id='word_1_123' title='bbox 1379 1647 1489 1739; x_wconf 79' lang='lat' dir='ltr'>magis</span> 
     </span>
     <span class='ocr_line' id='line_1_15' title="bbox 140 1755 1487 1858; baseline -0.005 -28"><span class='ocrx_word' id='word_1_124' title='bbox 140 1760 224 1858; x_wconf 83' lang='lat' dir='ltr'>lacti</span> <span class='ocrx_word' id='word_1_125' title='bbox 247 1781 352 1852; x_wconf 90' lang='lat' dir='ltr'>quam</span> <span class='ocrx_word' id='word_1_126' title='bbox 376 1758 460 1828; x_wconf 91' lang='lat' dir='ltr'>iuris</span> <span class='ocrx_word' id='word_1_127' title='bbox 494 1757 733 1850; x_wconf 90' lang='lat' dir='ltr'>quaestionem</span> <span class='ocrx_word' id='word_1_128' title='bbox 759 1757 875 1844; x_wconf 88' lang='lat' dir='ltr'>hahet,</span> <span class='ocrx_word' id='word_1_129' title='bbox 902 1757 990 1828; x_wconf 92' lang='lat' dir='ltr'>idest</span> <span class='ocrx_word' id='word_1_130' title='bbox 1024 1756 1115 1848; x_wconf 90' lang='lat' dir='ltr'>quod</span> <span class='ocrx_word' id='word_1_131' title='bbox 1138 1777 1288 1826; x_wconf 85' lang='lat' dir='ltr'>examen</span> <span class='ocrx_word' id='word_1_132' title='bbox 1312 1755 1487 1825; x_wconf 85' lang='lat' dir='ltr'>desiderat</span> 
     </span>
     <span class='ocr_line' id='line_1_16' title="bbox 139 1863 1487 1956; baseline -0.004 -19"><span class='ocrx_word' id='word_1_133' title='bbox 139 1874 176 1938; x_wconf 89' lang='lat' dir='ltr'>et</span> <span class='ocrx_word' id='word_1_134' title='bbox 199 1867 321 1936; x_wconf 88' lang='lat' dir='ltr'>iudicis</span> <span class='ocrx_word' id='word_1_135' title='bbox 355 1865 537 1936; x_wconf 88' lang='lat' dir='ltr'>arbitrium</span> <span class='ocrx_word' id='word_1_136' title='bbox 565 1867 630 1955; x_wconf 80' lang='grc'>(5);</span> <span class='ocrx_word' id='word_1_137' title='bbox 658 1865 801 1935; x_wconf 92' lang='lat' dir='ltr'>namin</span> <span class='ocrx_word' id='word_1_138' title='bbox 826 1864 892 1951; x_wconf 91' lang='lat' dir='ltr'>his,</span> <span class='ocrx_word' id='word_1_139' title='bbox 918 1886 1006 1956; x_wconf 89' lang='lat' dir='ltr'>quae</span> <span class='ocrx_word' id='word_1_140' title='bbox 1033 1869 1116 1934; x_wconf 92' lang='lat' dir='ltr'>sunt</span> <span class='ocrx_word' id='word_1_141' title='bbox 1139 1863 1249 1953; x_wconf 80' lang='lat' dir='ltr'>magis</span> <span class='ocrx_word' id='word_1_142' title='bbox 1273 1863 1358 1932; x_wconf 89' lang='lat' dir='ltr'>iuris</span> <span class='ocrx_word' id='word_1_143' title='bbox 1380 1884 1487 1954; x_wconf 89' lang='lat' dir='ltr'>quam</span> 
     </span>
     <span class='ocr_line' id='line_1_17' title="bbox 141 1969 1487 2062; baseline -0.003 -20"><span class='ocrx_word' id='word_1_144' title='bbox 141 1973 238 2060; x_wconf 89' lang='lat' dir='ltr'>lacti,</span> <span class='ocrx_word' id='word_1_145' title='bbox 257 1972 285 2042; x_wconf 92' lang='lat' dir='ltr'>si</span> <span class='ocrx_word' id='word_1_146' title='bbox 310 1971 599 2062; x_wconf 90' lang='lat' dir='ltr'>impedimentum</span> <span class='ocrx_word' id='word_1_147' title='bbox 624 1971 669 2039; x_wconf 88' lang='lat' dir='ltr'>sit</span> <span class='ocrx_word' id='word_1_148' title='bbox 685 1978 808 2058; x_wconf 88' lang='lat' dir='ltr'>patens</span> <span class='ocrx_word' id='word_1_149' title='bbox 832 1977 868 2040; x_wconf 88' lang='lat' dir='ltr'>et</span> <span class='ocrx_word' id='word_1_150' title='bbox 887 1969 1031 2040; x_wconf 82' lang='lat' dir='ltr'>evidens</span> <span class='ocrx_word' id='word_1_151' title='bbox 1054 1993 1096 2039; x_wconf 79' lang='lat' dir='ltr'>er</span> <span class='ocrx_word' id='word_1_152' title='bbox 1118 1980 1210 2040; x_wconf 84' lang='lat' dir='ltr'>certo</span> <span class='ocrx_word' id='word_1_153' title='bbox 1233 1979 1265 2040; x_wconf 92' lang='lat' dir='ltr'>et</span> <span class='ocrx_word' id='word_1_154' title='bbox 1287 1969 1487 2040; x_wconf 82' lang='lat' dir='ltr'>authentico</span> 
     </span>
     <span class='ocr_line' id='line_1_18' title="bbox 138 2077 1485 2167; baseline -0.004 -18"><span class='ocrx_word' id='word_1_155' title='bbox 138 2081 355 2164; x_wconf 75' lang='lat' dir='ltr'>decremento,</span> <span class='ocrx_word' id='word_1_156' title='bbox 385 2080 439 2147; x_wconf 85' lang='lat' dir='ltr'>uel</span> <span class='ocrx_word' id='word_1_157' title='bbox 474 2081 645 2146; x_wconf 74' lang='lat' dir='ltr'>exsertis</span> <span class='ocrx_word' id='word_1_158' title='bbox 680 2081 914 2166; x_wconf 69' lang='lat' dir='ltr'>deprimentia,</span> <span class='ocrx_word' id='word_1_159' title='bbox 940 2077 993 2146; x_wconf 87' lang='lat' dir='ltr'>uel</span> <span class='ocrx_word' id='word_1_160' title='bbox 1017 2099 1059 2146; x_wconf 80' lang='lat' dir='ltr'>ea</span> <span class='ocrx_word' id='word_1_161' title='bbox 1093 2077 1231 2146; x_wconf 82' lang='lat' dir='ltr'>testibus</span> <span class='ocrx_word' id='word_1_162' title='bbox 1256 2078 1325 2167; x_wconf 79' lang='lat' dir='ltr'>lide</span> <span class='ocrx_word' id='word_1_163' title='bbox 1355 2077 1485 2164; x_wconf 77' lang='lat' dir='ltr'>dipsis,</span> 
     </span>
     <span class='ocr_line' id='line_1_19' title="bbox 139 2184 1487 2274; baseline -0.001 -20"><span class='ocrx_word' id='word_1_164' title='bbox 139 2207 195 2256; x_wconf 84' lang='lat' dir='ltr'>rea</span> <span class='ocrx_word' id='word_1_165' title='bbox 222 2190 419 2258; x_wconf 74' lang='lat' dir='ltr'>seminaria</span> <span class='ocrx_word' id='word_1_166' title='bbox 454 2186 673 2274; x_wconf 78' lang='lat' dir='ltr'>expediendo</span> <span class='ocrx_word' id='word_1_167' title='bbox 698 2195 758 2271; x_wconf 83' lang='lat' dir='ltr'>est,</span> <span class='ocrx_word' id='word_1_168' title='bbox 795 2206 876 2254; x_wconf 86' lang='lat' dir='ltr'>com</span> <span class='ocrx_word' id='word_1_169' title='bbox 900 2189 1102 2254; x_wconf 84' lang='lat' dir='ltr'>interventu</span> <span class='ocrx_word' id='word_1_170' title='bbox 1136 2193 1256 2255; x_wconf 83' lang='lat' dir='ltr'>tomen</span> <span class='ocrx_word' id='word_1_171' title='bbox 1291 2184 1487 2272; x_wconf 77' lang='lat' dir='ltr'>dasenmris</span> 
     </span>
     <span class='ocr_line' id='line_1_20' title="bbox 137 2289 1487 2380; baseline -0.001 -18"><span class='ocrx_word' id='word_1_172' title='bbox 137 2295 289 2374; x_wconf 83' lang='lat' dir='ltr'>vinculi,-</span> <span class='ocrx_word' id='word_1_173' title='bbox 315 2313 379 2361; x_wconf 87' lang='lat' dir='ltr'>occ</span> <span class='ocrx_word' id='word_1_174' title='bbox 414 2313 500 2380; x_wconf 84' lang='lat' dir='ltr'>opos</span> <span class='ocrx_word' id='word_1_175' title='bbox 523 2301 572 2360; x_wconf 84' lang='lat' dir='ltr'>ast</span> <span class='ocrx_word' id='word_1_176' title='bbox 605 2293 761 2361; x_wconf 82' lang='lat' dir='ltr'>secondo</span> <span class='ocrx_word' id='word_1_177' title='bbox 784 2295 958 2362; x_wconf 83' lang='lat' dir='ltr'>sententio</span> <span class='ocrx_word' id='word_1_178' title='bbox 983 2293 1046 2380; x_wconf 89' lang='grc'>(6).</span> <span class='ocrx_word' id='word_1_179' title='bbox 1072 2297 1184 2362; x_wconf 93' lang='lat' dir='ltr'>lmmo</span> <span class='ocrx_word' id='word_1_180' title='bbox 1219 2313 1285 2362; x_wconf 93' lang='lat' dir='ltr'>nec</span> <span class='ocrx_word' id='word_1_181' title='bbox 1307 2291 1411 2360; x_wconf 93' lang='lat' dir='ltr'>huius</span> <span class='ocrx_word' id='word_1_182' title='bbox 1434 2289 1487 2360; x_wconf 92' lang='lat' dir='ltr'>in·</span> 
     </span>
     <span class='ocr_line' id='line_1_21' title="bbox 138 2395 1487 2488; baseline -0.001 -22"><span class='ocrx_word' id='word_1_183' title='bbox 138 2403 304 2468; x_wconf 89' lang='lat' dir='ltr'>terventu</span> <span class='ocrx_word' id='word_1_184' title='bbox 335 2417 421 2488; x_wconf 89' lang='lat' dir='ltr'>opus</span> <span class='ocrx_word' id='word_1_185' title='bbox 456 2403 508 2466; x_wconf 89' lang='lat' dir='ltr'>est</span> <span class='ocrx_word' id='word_1_186' title='bbox 530 2396 559 2466; x_wconf 91' lang='lat' dir='ltr'>si</span> <span class='ocrx_word' id='word_1_187' title='bbox 584 2397 849 2466; x_wconf 85' lang='lat' dir='ltr'>matrimonium</span> <span class='ocrx_word' id='word_1_188' title='bbox 883 2397 1010 2467; x_wconf 91' lang='lat' dir='ltr'>initum</span> <span class='ocrx_word' id='word_1_189' title='bbox 1035 2396 1141 2467; x_wconf 85' lang='lat' dir='ltr'>fuerit</span> <span class='ocrx_word' id='word_1_190' title='bbox 1174 2397 1249 2466; x_wconf 90' lang='lat' dir='ltr'>sine</span> <span class='ocrx_word' id='word_1_191' title='bbox 1273 2395 1424 2486; x_wconf 88' lang='lat' dir='ltr'>parocho</span> <span class='ocrx_word' id='word_1_192' title='bbox 1450 2399 1487 2466; x_wconf 89' lang='lat' dir='ltr'>et</span> 
     </span>
     <span class='ocr_line' id='line_1_22' title="bbox 138 2503 1486 2595; baseline 0.001 -23"><span class='ocrx_word' id='word_1_193' title='bbox 138 2505 286 2576; x_wconf 88' lang='lat' dir='ltr'>testibus</span> <span class='ocrx_word' id='word_1_194' title='bbox 309 2503 368 2572; x_wconf 91' lang='lat' dir='ltr'>ubi</span> <span class='ocrx_word' id='word_1_195' title='bbox 392 2503 633 2573; x_wconf 79' lang='lat' dir='ltr'>&#39;tridentinum</span> <span class='ocrx_word' id='word_1_196' title='bbox 658 2503 754 2592; x_wconf 76' lang='lat' dir='ltr'>viget</span> <span class='ocrx_word' id='word_1_197' title='bbox 780 2504 839 2592; x_wconf 87' lang='lat'>(7),</span> <span class='ocrx_word' id='word_1_198' title='bbox 857 2503 982 2595; x_wconf 90' lang='lat' dir='ltr'>quippe</span> <span class='ocrx_word' id='word_1_199' title='bbox 1005 2503 1082 2574; x_wconf 89' lang='lat' dir='ltr'>heic</span> <span class='ocrx_word' id='word_1_200' title='bbox 1106 2511 1143 2574; x_wconf 91' lang='lat' dir='ltr'>et</span> <span class='ocrx_word' id='word_1_201' title='bbox 1165 2506 1277 2574; x_wconf 84' lang='lat' dir='ltr'>torma</span> <span class='ocrx_word' id='word_1_202' title='bbox 1300 2523 1361 2573; x_wconf 86' lang='lat' dir='ltr'>seu</span> <span class='ocrx_word' id='word_1_203' title='bbox 1377 2503 1486 2593; x_wconf 85' lang='lat' dir='ltr'>ligura</span> 
     </span>
     <span class='ocr_line' id='line_1_23' title="bbox 139 2609 487 2680; baseline -0.003 -1"><span class='ocrx_word' id='word_1_204' title='bbox 139 2609 355 2680; x_wconf 87' lang='lat' dir='ltr'>matrimonii</span> <span class='ocrx_word' id='word_1_205' title='bbox 380 2610 487 2679; x_wconf 89' lang='lat' dir='ltr'>deest.</span> 
     </span>
    </p>
   </div>
   <div class='ocr_carea' id='block_1_5' title="bbox 49 2786 784 3346">
    <p class='ocr_par' dir='ltr' id='par_1_6' title="bbox 49 2786 781 2866">
     <span class='ocr_line' id='line_1_24' title="bbox 49 2786 781 2866; baseline 0 -20"><span class='ocrx_word' id='word_1_206' title='bbox 49 2809 53 2820; x_wconf 93' lang='lat'><strong>·</strong></span> <span class='ocrx_word' id='word_1_207' title='bbox 200 2786 246 2866; x_wconf 90' lang='grc'>(1)</span> <span class='ocrx_word' id='word_1_208' title='bbox 267 2789 367 2858; x_wconf 83' lang='lat' dir='ltr'>Trid,</span> <span class='ocrx_word' id='word_1_209' title='bbox 395 2789 511 2860; x_wconf 86' lang='lat' dir='ltr'>XXIV,</span> <span class='ocrx_word' id='word_1_210' title='bbox 536 2790 590 2857; x_wconf 78' lang='lat' dir='ltr'>ll„</span> <span class='ocrx_word' id='word_1_211' title='bbox 609 2788 666 2860; x_wconf 76' lang='lat'>203</span> <span class='ocrx_word' id='word_1_212' title='bbox 690 2789 722 2848; x_wconf 87' lang='lat' dir='ltr'>S.</span> <span class='ocrx_word' id='word_1_213' title='bbox 747 2789 781 2850; x_wconf 86' lang='grc'>0.</span> 
     </span>
    </p>

    <p class='ocr_par' dir='ltr' id='par_1_7' title="bbox 137 2865 784 3346">
     <span class='ocr_line' id='line_1_25' title="bbox 139 2865 784 2944; baseline 0.009 -21"><span class='ocrx_word' id='word_1_214' title='bbox 139 2869 188 2940; x_wconf 81' lang='grc'>0.,</span> <span class='ocrx_word' id='word_1_215' title='bbox 211 2865 314 2926; x_wconf 78' lang='lat' dir='ltr'>lustr.</span> <span class='ocrx_word' id='word_1_216' title='bbox 337 2867 378 2927; x_wconf 92' lang='grc'>22</span> <span class='ocrx_word' id='word_1_217' title='bbox 398 2871 478 2944; x_wconf 74' lang='lat' dir='ltr'>Aug.</span> <span class='ocrx_word' id='word_1_218' title='bbox 506 2869 599 2940; x_wconf 87' lang='grc'>1840;</span> <span class='ocrx_word' id='word_1_219' title='bbox 624 2870 672 2931; x_wconf 83' lang='lat' dir='ltr'>Ol.</span> <span class='ocrx_word' id='word_1_220' title='bbox 698 2871 784 2929; x_wconf 89' lang='lat' dir='ltr'>Mau·</span> 
     </span>
     <span class='ocr_line' id='line_1_26' title="bbox 139 2947 784 3026; baseline 0.005 -20"><span class='ocrx_word' id='word_1_221' title='bbox 139 2949 232 3018; x_wconf 86' lang='lat' dir='ltr'>zella,</span> <span class='ocrx_word' id='word_1_222' title='bbox 256 2949 330 3022; x_wconf 83' lang='lat' dir='ltr'>Gap.</span> <span class='ocrx_word' id='word_1_223' title='bbox 348 2947 402 3018; x_wconf 91' lang='lat' dir='ltr'>VI,</span> <span class='ocrx_word' id='word_1_224' title='bbox 426 2953 498 3008; x_wconf 80' lang='lat' dir='ltr'>hrt.</span> <span class='ocrx_word' id='word_1_225' title='bbox 518 2951 545 3016; x_wconf 90' lang='lat'>1,</span> <span class='ocrx_word' id='word_1_226' title='bbox 563 2967 594 3007; x_wconf 90' lang='lat' dir='ltr'>n.</span> <span class='ocrx_word' id='word_1_227' title='bbox 609 2949 636 3008; x_wconf 93' lang='lat' dir='ltr'>l.</span> <span class='ocrx_word' id='word_1_228' title='bbox 653 2951 695 3009; x_wconf 89' lang='lat' dir='ltr'>Et</span> <span class='ocrx_word' id='word_1_229' title='bbox 715 2967 784 3026; x_wconf 91' lang='lat' dir='ltr'>pro·</span> 
     </span>
     <span class='ocr_line' id='line_1_27' title="bbox 138 3026 782 3110; baseline 0.003 -22"><span class='ocrx_word' id='word_1_230' title='bbox 138 3027 273 3088; x_wconf 83' lang='lat' dir='ltr'>habilius</span> <span class='ocrx_word' id='word_1_231' title='bbox 302 3026 370 3086; x_wconf 89' lang='lat' dir='ltr'>Vic.</span> <span class='ocrx_word' id='word_1_232' title='bbox 400 3027 466 3088; x_wconf 87' lang='lat' dir='ltr'>eius</span> <span class='ocrx_word' id='word_1_233' title='bbox 492 3031 604 3100; x_wconf 79' lang='lat' dir='ltr'>Gener.</span> <span class='ocrx_word' id='word_1_234' title='bbox 637 3027 782 3110; x_wconf 88' lang='lat' dir='ltr'>(Sanch.‚</span> 
     </span>
     <span class='ocr_line' id='line_1_28' title="bbox 138 3106 782 3184; baseline 0.008 -18"><span class='ocrx_word' id='word_1_235' title='bbox 138 3107 197 3177; x_wconf 91' lang='grc' dir='ltr'>ΙΙΙ,</span> <span class='ocrx_word' id='word_1_236' title='bbox 220 3107 271 3179; x_wconf 84' lang='grc'>29,</span> <span class='ocrx_word' id='word_1_237' title='bbox 295 3107 350 3176; x_wconf 86' lang='grc'>18;</span> <span class='ocrx_word' id='word_1_238' title='bbox 374 3106 540 3181; x_wconf 85' lang='lat' dir='ltr'>Mantella,</span> <span class='ocrx_word' id='word_1_239' title='bbox 565 3128 594 3168; x_wconf 87' lang='lat' dir='ltr'>n.</span> <span class='ocrx_word' id='word_1_240' title='bbox 619 3109 656 3181; x_wconf 79' lang='lat'>33</span> <span class='ocrx_word' id='word_1_241' title='bbox 680 3111 782 3184; x_wconf 77' lang='lat' dir='ltr'>Proh,</span> 
     </span>
     <span class='ocr_line' id='line_1_29' title="bbox 137 3187 783 3266; baseline 0.003 -18"><span class='ocrx_word' id='word_1_242' title='bbox 137 3188 157 3262; x_wconf 70' lang='grc' dir='ltr'><strong>ἓ</strong></span> <span class='ocrx_word' id='word_1_243' title='bbox 179 3187 229 3258; x_wconf 87' lang='grc'>96,</span> <span class='ocrx_word' id='word_1_244' title='bbox 254 3205 284 3246; x_wconf 91' lang='lat' dir='ltr'>n.</span> <span class='ocrx_word' id='word_1_245' title='bbox 313 3187 375 3264; x_wconf 93' lang='grc'>45).</span> <span class='ocrx_word' id='word_1_246' title='bbox 399 3187 458 3253; x_wconf 83' lang='lat' dir='ltr'>Qut</span> <span class='ocrx_word' id='word_1_247' title='bbox 481 3207 511 3248; x_wconf 86' lang='lat' dir='ltr'>v.</span> <span class='ocrx_word' id='word_1_248' title='bbox 535 3207 566 3264; x_wconf 82' lang='lat' dir='ltr'>g.</span> <span class='ocrx_word' id='word_1_249' title='bbox 590 3189 671 3248; x_wconf 89' lang='lat' dir='ltr'>hanc</span> <span class='ocrx_word' id='word_1_250' title='bbox 699 3195 783 3266; x_wconf 87' lang='lat' dir='ltr'>pote·</span> 
     </span>
     <span class='ocr_line' id='line_1_30' title="bbox 137 3267 784 3346; baseline 0.006 -20"><span class='ocrx_word' id='word_1_251' title='bbox 137 3273 253 3326; x_wconf 85' lang='lat' dir='ltr'>statem</span> <span class='ocrx_word' id='word_1_252' title='bbox 274 3267 426 3338; x_wconf 89' lang='lat' dir='ltr'>adimunt,</span> <span class='ocrx_word' id='word_1_253' title='bbox 450 3286 487 3326; x_wconf 87' lang='lat' dir='ltr'>ea</span> <span class='ocrx_word' id='word_1_254' title='bbox 508 3287 575 3327; x_wconf 90' lang='lat' dir='ltr'>cum</span> <span class='ocrx_word' id='word_1_255' title='bbox 602 3271 713 3346; x_wconf 89' lang='lat' dir='ltr'>primis</span> <span class='ocrx_word' id='word_1_256' title='bbox 734 3288 784 3330; x_wconf 89' lang='lat' dir='ltr'>re·</span> 
     </span>
    </p>
   </div>
   <div class='ocr_carea' id='block_1_6' title="bbox 7 3346 783 3422">
    <p class='ocr_par' dir='ltr' id='par_1_8' title="bbox 7 3346 783 3422">
     <span class='ocr_line' id='line_1_31' title="bbox 7 3346 783 3422; baseline 0.006 -17"><span class='ocrx_word' id='word_1_257' title='bbox 7 3357 8 3362; x_wconf 76' lang='grc'>’</span> <span class='ocrx_word' id='word_1_258' title='bbox 136 3346 222 3406; x_wconf 80' lang='lat' dir='ltr'>tione</span> <span class='ocrx_word' id='word_1_259' title='bbox 252 3346 407 3418; x_wconf 88' lang='lat' dir='ltr'>nituntur,</span> <span class='ocrx_word' id='word_1_260' title='bbox 430 3349 507 3422; x_wconf 88' lang='lat' dir='ltr'>quod</span> <span class='ocrx_word' id='word_1_261' title='bbox 540 3365 650 3408; x_wconf 88' lang='lat' dir='ltr'>causae</span> <span class='ocrx_word' id='word_1_262' title='bbox 679 3349 783 3410; x_wconf 89' lang='lat' dir='ltr'>huius·</span> 
     </span>
    </p>
   </div>
   <div class='ocr_carea' id='block_1_7' title="bbox 135 3425 783 3586">
    <p class='ocr_par' dir='ltr' id='par_1_9' title="bbox 135 3425 783 3586">
     <span class='ocr_line' id='line_1_32' title="bbox 137 3425 783 3504; baseline 0.008 -20"><span class='ocrx_word' id='word_1_263' title='bbox 137 3425 219 3484; x_wconf 88' lang='lat' dir='ltr'>modi</span> <span class='ocrx_word' id='word_1_264' title='bbox 241 3427 402 3503; x_wconf 74' lang='lat' dir='ltr'>dr&#39;pnitoti</span> <span class='ocrx_word' id='word_1_265' title='bbox 416 3428 593 3504; x_wconf 82' lang='lat' dir='ltr'>Episcopali</span> <span class='ocrx_word' id='word_1_266' title='bbox 615 3429 783 3489; x_wconf 86' lang='lat' dir='ltr'>cohaerent</span> 
     </span>
     <span class='ocr_line' id='line_1_33' title="bbox 135 3505 780 3586; baseline 0.005 -21"><span class='ocrx_word' id='word_1_267' title='bbox 135 3505 288 3584; x_wconf 87' lang='lat' dir='ltr'>(Sbrozzi,</span> <span class='ocrx_word' id='word_1_268' title='bbox 306 3507 353 3568; x_wconf 89' lang='lat' dir='ltr'>De</span> <span class='ocrx_word' id='word_1_269' title='bbox 372 3509 482 3569; x_wconf 81' lang='lat' dir='ltr'>Vt&#39;oar.</span> <span class='ocrx_word' id='word_1_270' title='bbox 503 3507 671 3586; x_wconf 80' lang='lat' dir='ltr'>Episcopi,</span> <span class='ocrx_word' id='word_1_271' title='bbox 684 3510 720 3568; x_wconf 87' lang='lat' dir='ltr'>L.</span> <span class='ocrx_word' id='word_1_272' title='bbox 739 3508 780 3580; x_wconf 89' lang='grc' dir='ltr'>ΙΙ,</span> 
     </span>
    </p>
   </div>
   <div class='ocr_carea' id='block_1_8' title="bbox 7 3585 782 3666">
    <p class='ocr_par' dir='ltr' id='par_1_10' title="bbox 7 3585 782 3666">
     <span class='ocr_line' id='line_1_34' title="bbox 7 3585 782 3666; baseline 0 -20"><span class='ocrx_word' id='word_1_273' title='bbox 7 3613 9 3628; x_wconf 73' lang='lat'>2</span> <span class='ocrx_word' id='word_1_274' title='bbox 137 3587 171 3646; x_wconf 84' lang='lat' dir='ltr'>G.</span> <span class='ocrx_word' id='word_1_275' title='bbox 191 3585 241 3656; x_wconf 89' lang='grc'>42,</span> <span class='ocrx_word' id='word_1_276' title='bbox 265 3606 295 3646; x_wconf 93' lang='lat' dir='ltr'>n.</span> <span class='ocrx_word' id='word_1_277' title='bbox 318 3587 388 3666; x_wconf 77' lang='grc' dir='ltr'>28)ι</span> <span class='ocrx_word' id='word_1_278' title='bbox 412 3589 496 3648; x_wconf 83' lang='lat' dir='ltr'>ratio</span> <span class='ocrx_word' id='word_1_279' title='bbox 516 3589 618 3658; x_wconf 83' lang='lat' dir='ltr'>devia,</span> <span class='ocrx_word' id='word_1_280' title='bbox 642 3607 713 3646; x_wconf 85' lang='lat' dir='ltr'>nam</span> <span class='ocrx_word' id='word_1_281' title='bbox 745 3607 782 3648; x_wconf 90' lang='lat' dir='ltr'>ea</span> 
     </span>
    </p>
   </div>
   <div class='ocr_carea' id='block_1_9' title="bbox 135 3667 782 3742">
    <p class='ocr_par' dir='ltr' id='par_1_11' title="bbox 135 3667 782 3742">
     <span class='ocr_line' id='line_1_35' title="bbox 135 3667 782 3742; baseline 0.011 -21"><span class='ocrx_word' id='word_1_282' title='bbox 135 3682 215 3740; x_wconf 88' lang='lat' dir='ltr'>quae</span> <span class='ocrx_word' id='word_1_283' title='bbox 244 3669 403 3742; x_wconf 90' lang='lat' dir='ltr'>pertinent</span> <span class='ocrx_word' id='word_1_284' title='bbox 427 3669 465 3727; x_wconf 88' lang='lat' dir='ltr'>ad</span> <span class='ocrx_word' id='word_1_285' title='bbox 497 3667 708 3727; x_wconf 86' lang='lat' dir='ltr'>hierarchiam</span> <span class='ocrx_word' id='word_1_286' title='bbox 737 3671 782 3728; x_wconf 89' lang='lat' dir='ltr'>iu·</span> 
     </span>
    </p>
   </div>
   <div class='ocr_carea' id='block_1_10' title="bbox 7 3745 783 3910">
    <p class='ocr_par' dir='ltr' id='par_1_12' title="bbox 7 3745 783 3910">
     <span class='ocr_line' id='line_1_36' title="bbox 7 3745 783 3818; baseline 0.008 -17"><span class='ocrx_word' id='word_1_287' title='bbox 7 3767 8 3780; x_wconf 63' lang='lat'>2</span> <span class='ocrx_word' id='word_1_288' title='bbox 135 3745 342 3818; x_wconf 86' lang='lat' dir='ltr'>risdictionis,</span> <span class='ocrx_word' id='word_1_289' title='bbox 372 3749 410 3808; x_wconf 89' lang='lat' dir='ltr'>ad</span> <span class='ocrx_word' id='word_1_290' title='bbox 441 3748 560 3807; x_wconf 86' lang='lat' dir='ltr'>ordinis</span> <span class='ocrx_word' id='word_1_291' title='bbox 590 3749 783 3810; x_wconf 89' lang='lat' dir='ltr'>iurisdictio·</span> 
     </span>
     <span class='ocr_line' id='line_1_37' title="bbox 7 3827 397 3910; baseline 0.023 -31"><span class='ocrx_word' id='word_1_292' title='bbox 7 3905 9 3910; x_wconf 23' lang='grc' dir='ltr'>Ι</span> <span class='ocrx_word' id='word_1_293' title='bbox 137 3841 208 3883; x_wconf 86' lang='lat' dir='ltr'>nem</span> <span class='ocrx_word' id='word_1_294' title='bbox 230 3827 397 3888; x_wconf 82' lang='lat' dir='ltr'>transfert.</span> 
     </span>
    </p>
   </div>
   <div class='ocr_carea' id='block_1_11' title="bbox 196 3903 781 3985">
    <p class='ocr_par' dir='ltr' id='par_1_13' title="bbox 196 3903 781 3985">
     <span class='ocr_line' id='line_1_38' title="bbox 196 3903 781 3985; baseline 0.003 -21"><span class='ocrx_word' id='word_1_295' title='bbox 196 3903 243 3985; x_wconf 82' lang='lat'>(2)</span> <span class='ocrx_word' id='word_1_296' title='bbox 265 3906 298 3965; x_wconf 87' lang='lat' dir='ltr'>S.</span> <span class='ocrx_word' id='word_1_297' title='bbox 316 3907 350 3969; x_wconf 85' lang='lat' dir='ltr'>O.</span> <span class='ocrx_word' id='word_1_298' title='bbox 368 3910 416 3979; x_wconf 86' lang='lat' dir='ltr'>O.,</span> <span class='ocrx_word' id='word_1_299' title='bbox 432 3907 473 3967; x_wconf 88' lang='lat'>30</span> <span class='ocrx_word' id='word_1_300' title='bbox 495 3907 573 3966; x_wconf 89' lang='lat' dir='ltr'>Maii</span> <span class='ocrx_word' id='word_1_301' title='bbox 596 3906 689 3976; x_wconf 88' lang='grc'>1602;</span> <span class='ocrx_word' id='word_1_302' title='bbox 706 3907 781 3966; x_wconf 86' lang='lat' dir='ltr'>Fer·</span> 
     </span>
    </p>
   </div>
   <div class='ocr_carea' id='block_1_12' title="bbox 7 3987 781 4228">
    <p class='ocr_par' dir='ltr' id='par_1_14' title="bbox 7 3987 781 4228">
     <span class='ocr_line' id='line_1_39' title="bbox 7 3987 777 4066; baseline 0.012 -27"><span class='ocrx_word' id='word_1_303' title='bbox 7 4055 8 4058; x_wconf 9' lang='lat'>¹</span> <span class='ocrx_word' id='word_1_304' title='bbox 136 3999 215 4056; x_wconf 65' lang='lat' dir='ltr'>rar,</span> <span class='ocrx_word' id='word_1_305' title='bbox 239 4003 270 4044; x_wconf 86' lang='lat' dir='ltr'>v.</span> <span class='ocrx_word' id='word_1_306' title='bbox 299 3987 641 4066; x_wconf 82' lang='lat' dir='ltr'>Vt&#39;cor.Copitoloris,</span> <span class='ocrx_word' id='word_1_307' title='bbox 662 3987 703 4056; x_wconf 89' lang='grc' dir='ltr'>ΙΙ,</span> <span class='ocrx_word' id='word_1_308' title='bbox 727 3987 777 4048; x_wconf 82' lang='grc'>20.</span> 
     </span>
     <span class='ocr_line' id='line_1_40' title="bbox 7 4063 778 4145; baseline 0.008 -25"><span class='ocrx_word' id='word_1_309' title='bbox 7 4093 9 4142; x_wconf 74' lang='lat'><em>5</em></span> <span class='ocrx_word' id='word_1_310' title='bbox 135 4063 241 4122; x_wconf 85' lang='lat' dir='ltr'>Etiam</span> <span class='ocrx_word' id='word_1_311' title='bbox 253 4066 413 4144; x_wconf 85' lang='lat' dir='ltr'>delegatas</span> <span class='ocrx_word' id='word_1_312' title='bbox 423 4069 585 4145; x_wconf 86' lang='lat' dir='ltr'>Episcopo,</span> <span class='ocrx_word' id='word_1_313' title='bbox 595 4070 665 4126; x_wconf 91' lang='lat' dir='ltr'>sede</span> <span class='ocrx_word' id='word_1_314' title='bbox 676 4067 778 4143; x_wconf 88' lang='lat' dir='ltr'>plena,</span> 
     </span>
     <span class='ocr_line' id='line_1_41' title="bbox 7 4143 781 4228; baseline 0.005 -27"><span class='ocrx_word' id='word_1_315' title='bbox 7 4169 8 4180; x_wconf 71' lang='lat'>.</span> <span class='ocrx_word' id='word_1_316' title='bbox 135 4143 163 4202; x_wconf 90' lang='lat' dir='ltr'>si</span> <span class='ocrx_word' id='word_1_317' title='bbox 184 4161 237 4204; x_wconf 88' lang='lat' dir='ltr'>eas</span> <span class='ocrx_word' id='word_1_318' title='bbox 251 4147 399 4224; x_wconf 86' lang='lat' dir='ltr'>expedire</span> <span class='ocrx_word' id='word_1_319' title='bbox 420 4148 499 4207; x_wconf 87' lang='lat' dir='ltr'>utile</span> <span class='ocrx_word' id='word_1_320' title='bbox 515 4150 558 4208; x_wconf 91' lang='lat' dir='ltr'>sit</span> <span class='ocrx_word' id='word_1_321' title='bbox 571 4147 686 4228; x_wconf 81' lang='lat' dir='ltr'>(Ricci,</span> <span class='ocrx_word' id='word_1_322' title='bbox 700 4146 781 4206; x_wconf 87' lang='lat' dir='ltr'>Pro-</span> 
     </span>
    </p>
   </div>
   <div class='ocr_carea' id='block_1_13' title="bbox 134 4225 781 4707">
    <p class='ocr_par' dir='ltr' id='par_1_15' title="bbox 134 4225 781 4707">
     <span class='ocr_line' id='line_1_42' title="bbox 135 4225 778 4300; baseline 0.011 -18"><span class='ocrx_word' id='word_1_323' title='bbox 135 4227 203 4292; x_wconf 73' lang='lat' dir='ltr'>mis,</span> <span class='ocrx_word' id='word_1_324' title='bbox 234 4231 314 4300; x_wconf 85' lang='lat' dir='ltr'>eto.;</span> <span class='ocrx_word' id='word_1_325' title='bbox 348 4227 533 4300; x_wconf 84' lang='lat' dir='ltr'>Marchetti,</span> <span class='ocrx_word' id='word_1_326' title='bbox 566 4229 671 4286; x_wconf 71' lang='lat' dir='ltr'>Prae.</span> <span class='ocrx_word' id='word_1_327' title='bbox 710 4225 778 4289; x_wconf 81' lang='lat' dir='ltr'>Via.</span> 
     </span>
     <span class='ocr_line' id='line_1_43' title="bbox 136 4303 781 4386; baseline 0.005 -22"><span class='ocrx_word' id='word_1_328' title='bbox 136 4305 258 4381; x_wconf 76' lang='lat' dir='ltr'>Capta,</span> <span class='ocrx_word' id='word_1_329' title='bbox 279 4309 317 4368; x_wconf 91' lang='lat' dir='ltr'>P.</span> <span class='ocrx_word' id='word_1_330' title='bbox 346 4310 377 4380; x_wconf 92' lang='grc'>2,</span> <span class='ocrx_word' id='word_1_331' title='bbox 401 4310 466 4369; x_wconf 84' lang='lat' dir='ltr'>Tit.</span> <span class='ocrx_word' id='word_1_332' title='bbox 499 4307 547 4380; x_wconf 89' lang='grc'>13,</span> <span class='ocrx_word' id='word_1_333' title='bbox 571 4327 601 4368; x_wconf 92' lang='lat' dir='ltr'>n.</span> <span class='ocrx_word' id='word_1_334' title='bbox 627 4303 689 4386; x_wconf 86' lang='lat'>15).</span> <span class='ocrx_word' id='word_1_335' title='bbox 714 4308 781 4367; x_wconf 83' lang='lat' dir='ltr'>Alii</span> 
     </span>
     <span class='ocr_line' id='line_1_44' title="bbox 134 4385 781 4464; baseline 0.006 -22"><span class='ocrx_word' id='word_1_336' title='bbox 134 4385 781 4464; x_wconf 85' lang='lat' dir='ltr'>autemlicetnemini‚qualibetcontrarie</span> 
     </span>
     <span class='ocr_line' id='line_1_45' title="bbox 135 4467 781 4545; baseline 0.009 -24"><span class='ocrx_word' id='word_1_337' title='bbox 135 4467 355 4526; x_wconf 87' lang='lat' dir='ltr'>consuetudine</span> <span class='ocrx_word' id='word_1_338' title='bbox 376 4468 428 4526; x_wconf 89' lang='lat' dir='ltr'>vel</span> <span class='ocrx_word' id='word_1_339' title='bbox 449 4468 629 4545; x_wconf 81' lang='lat' dir='ltr'>privilegiis</span> <span class='ocrx_word' id='word_1_340' title='bbox 647 4469 781 4528; x_wconf 85' lang='lat' dir='ltr'>sublatis</span> 
     </span>
     <span class='ocr_line' id='line_1_46' title="bbox 134 4540 779 4624; baseline 0.008 -22"><span class='ocrx_word' id='word_1_341' title='bbox 134 4540 224 4620; x_wconf 79' lang='lat' dir='ltr'>(Bau.</span> <span class='ocrx_word' id='word_1_342' title='bbox 242 4547 329 4620; x_wconf 89' lang='lat' dir='ltr'>XIV,</span> <span class='ocrx_word' id='word_1_343' title='bbox 347 4549 380 4608; x_wconf 83' lang='grc'>0.</span> <span class='ocrx_word' id='word_1_344' title='bbox 398 4547 460 4606; x_wconf 84' lang='lat' dir='ltr'>Dei</span> <span class='ocrx_word' id='word_1_345' title='bbox 473 4549 732 4624; x_wconf 57' lang='lat' dir='ltr'>miseratione&amp;</span> <span class='ocrx_word' id='word_1_346' title='bbox 747 4549 779 4619; x_wconf 87' lang='grc'>4;</span> 
     </span>
     <span class='ocr_line' id='line_1_47' title="bbox 137 4623 778 4707; baseline 0.012 -25"><span class='ocrx_word' id='word_1_347' title='bbox 137 4623 170 4682; x_wconf 89' lang='lat' dir='ltr'>S.</span> <span class='ocrx_word' id='word_1_348' title='bbox 194 4626 227 4686; x_wconf 88' lang='lat' dir='ltr'>G.</span> <span class='ocrx_word' id='word_1_349' title='bbox 245 4627 292 4700; x_wconf 87' lang='grc'>0.,</span> <span class='ocrx_word' id='word_1_350' title='bbox 316 4627 498 4689; x_wconf 77' lang='lat' dir='ltr'>lustrat-tio</span> <span class='ocrx_word' id='word_1_351' title='bbox 519 4629 560 4690; x_wconf 82' lang='lat'>22</span> <span class='ocrx_word' id='word_1_352' title='bbox 580 4631 661 4707; x_wconf 79' lang='lat' dir='ltr'>hug.</span> <span class='ocrx_word' id='word_1_353' title='bbox 676 4625 778 4706; x_wconf 87' lang='grc'>1840).</span> 
     </span>
    </p>
   </div>
   <div class='ocr_carea' id='block_1_14' title="bbox 834 2787 1486 4546">
    <p class='ocr_par' dir='ltr' id='par_1_16' title="bbox 840 2787 1486 3028">
     <span class='ocr_line' id='line_1_48' title="bbox 900 2787 1486 2868; baseline 0 -20"><span class='ocrx_word' id='word_1_354' title='bbox 900 2787 1030 2868; x_wconf 75' lang='grc'>(8)(111.</span> <span class='ocrx_word' id='word_1_355' title='bbox 1055 2787 1176 2861; x_wconf 75' lang='lat' dir='ltr'>const,</span> <span class='ocrx_word' id='word_1_356' title='bbox 1200 2790 1240 2866; x_wconf 70' lang='lat'>§5</span> <span class='ocrx_word' id='word_1_357' title='bbox 1260 2791 1291 2860; x_wconf 88' lang='grc'>6,</span> <span class='ocrx_word' id='word_1_358' title='bbox 1315 2790 1344 2850; x_wconf 90' lang='grc'>8.</span> <span class='ocrx_word' id='word_1_359' title='bbox 1370 2791 1441 2850; x_wconf 92' lang='lat' dir='ltr'>Nisi</span> <span class='ocrx_word' id='word_1_360' title='bbox 1467 2807 1486 2848; x_wconf 89' lang='lat' dir='ltr'>a</span> 
     </span>
     <span class='ocr_line' id='line_1_49' title="bbox 840 2871 1485 2944; baseline 0.002 -17"><span class='ocrx_word' id='word_1_361' title='bbox 840 2871 973 2928; x_wconf 85' lang='lat' dir='ltr'>secunda</span> <span class='ocrx_word' id='word_1_362' title='bbox 995 2885 1112 2942; x_wconf 91' lang='lat' dir='ltr'>quoque</span> <span class='ocrx_word' id='word_1_363' title='bbox 1133 2872 1363 2944; x_wconf 78' lang='lat' dir='ltr'>provocandum</span> <span class='ocrx_word' id='word_1_364' title='bbox 1390 2871 1485 2930; x_wconf 79' lang='lat' dir='ltr'>duxe-</span> 
     </span>
     <span class='ocr_line' id='line_1_50' title="bbox 840 2947 1088 3028; baseline -0.004 -21"><span class='ocrx_word' id='word_1_365' title='bbox 840 2949 885 3009; x_wconf 86' lang='lat' dir='ltr'>rit</span> <span class='ocrx_word' id='word_1_366' title='bbox 905 2948 1009 3028; x_wconf 73' lang='lat' dir='ltr'>(tt.,§</span> <span class='ocrx_word' id='word_1_367' title='bbox 1026 2947 1088 3026; x_wconf 89' lang='grc'>11).</span> 
     </span>
    </p>

    <p class='ocr_par' dir='ltr' id='par_1_17' title="bbox 839 3029 1484 3186">
     <span class='ocr_line' id='line_1_51' title="bbox 898 3029 1484 3109; baseline 0 -21"><span class='ocrx_word' id='word_1_368' title='bbox 898 3030 944 3109; x_wconf 88' lang='grc'>(4)</span> <span class='ocrx_word' id='word_1_369' title='bbox 965 3030 1028 3090; x_wconf 87' lang='lat' dir='ltr'>Oit.</span> <span class='ocrx_word' id='word_1_370' title='bbox 1052 3033 1172 3098; x_wconf 81' lang='lat' dir='ltr'>const..</span> <span class='ocrx_word' id='word_1_371' title='bbox 1196 3031 1234 3106; x_wconf 58' lang='grc' dir='ltr'>ἐξ</span> <span class='ocrx_word' id='word_1_372' title='bbox 1255 3029 1286 3100; x_wconf 86' lang='grc'>9,</span> <span class='ocrx_word' id='word_1_373' title='bbox 1312 3029 1365 3102; x_wconf 85' lang='grc'>11;</span> <span class='ocrx_word' id='word_1_374' title='bbox 1389 3029 1484 3088; x_wconf 89' lang='lat' dir='ltr'>immo</span> 
     </span>
     <span class='ocr_line' id='line_1_52' title="bbox 839 3108 1339 3186; baseline 0.004 -20"><span class='ocrx_word' id='word_1_375' title='bbox 839 3109 1035 3168; x_wconf 82' lang='lat' dir='ltr'>retransire</span> <span class='ocrx_word' id='word_1_376' title='bbox 1056 3108 1179 3184; x_wconf 92' lang='lat' dir='ltr'>quidem</span> <span class='ocrx_word' id='word_1_377' title='bbox 1200 3115 1339 3186; x_wconf 89' lang='lat' dir='ltr'>possunt.</span> 
     </span>
    </p>

    <p class='ocr_par' dir='ltr' id='par_1_18' title="bbox 838 3187 1484 3346">
     <span class='ocr_line' id='line_1_53' title="bbox 897 3187 1484 3269; baseline -0.005 -21"><span class='ocrx_word' id='word_1_378' title='bbox 897 3188 942 3269; x_wconf 82' lang='lat'>(5)</span> <span class='ocrx_word' id='word_1_379' title='bbox 957 3189 999 3248; x_wconf 87' lang='lat' dir='ltr'>Ut</span> <span class='ocrx_word' id='word_1_380' title='bbox 1016 3189 1075 3258; x_wconf 89' lang='lat' dir='ltr'>vis,</span> <span class='ocrx_word' id='word_1_381' title='bbox 1092 3204 1191 3260; x_wconf 90' lang='lat' dir='ltr'>error,</span> <span class='ocrx_word' id='word_1_382' title='bbox 1209 3189 1406 3266; x_wconf 86' lang='lat' dir='ltr'>impotentia,</span> <span class='ocrx_word' id='word_1_383' title='bbox 1426 3187 1484 3246; x_wconf 84' lang='lat' dir='ltr'>fri·</span> 
     </span>
     <span class='ocr_line' id='line_1_54' title="bbox 838 3268 1266 3346; baseline 0.002 -19"><span class='ocrx_word' id='word_1_384' title='bbox 838 3270 967 3346; x_wconf 83' lang='lat' dir='ltr'>giditas,</span> <span class='ocrx_word' id='word_1_385' title='bbox 992 3274 1111 3344; x_wconf 83' lang='lat' dir='ltr'>raptae,</span> <span class='ocrx_word' id='word_1_386' title='bbox 1136 3268 1266 3328; x_wconf 88' lang='lat' dir='ltr'>crimen.</span> 
     </span>
    </p>

    <p class='ocr_par' dir='ltr' id='par_1_19' title="bbox 834 3346 1484 4148">
     <span class='ocr_line' id='line_1_55' title="bbox 896 3346 1484 3430; baseline -0.009 -21"><span class='ocrx_word' id='word_1_387' title='bbox 896 3349 943 3430; x_wconf 87' lang='grc'>(0)</span> <span class='ocrx_word' id='word_1_388' title='bbox 964 3348 996 3408; x_wconf 89' lang='lat' dir='ltr'>S.</span> <span class='ocrx_word' id='word_1_389' title='bbox 1020 3349 1058 3409; x_wconf 92' lang='lat' dir='ltr'>U.</span> <span class='ocrx_word' id='word_1_390' title='bbox 1083 3349 1122 3419; x_wconf 94' lang='grc'>1.,</span> <span class='ocrx_word' id='word_1_391' title='bbox 1146 3350 1165 3408; x_wconf 90' lang='grc'>4</span> <span class='ocrx_word' id='word_1_392' title='bbox 1197 3350 1293 3408; x_wconf 85' lang='lat' dir='ltr'>Mart.</span> <span class='ocrx_word' id='word_1_393' title='bbox 1319 3347 1408 3408; x_wconf 88' lang='grc'>1885.</span> <span class='ocrx_word' id='word_1_394' title='bbox 1435 3346 1484 3405; x_wconf 88' lang='lat' dir='ltr'>ln·</span> 
     </span>
     <span class='ocr_line' id='line_1_56' title="bbox 836 3427 1483 3500; baseline -0.005 -12"><span class='ocrx_word' id='word_1_395' title='bbox 836 3430 970 3489; x_wconf 86' lang='lat' dir='ltr'>structio</span> <span class='ocrx_word' id='word_1_396' title='bbox 993 3430 1025 3488; x_wconf 88' lang='lat' dir='ltr'>S.</span> <span class='ocrx_word' id='word_1_397' title='bbox 1050 3429 1087 3489; x_wconf 89' lang='lat' dir='ltr'>U.</span> <span class='ocrx_word' id='word_1_398' title='bbox 1112 3427 1298 3498; x_wconf 79' lang='lat' dir='ltr'>1.‚51untt</span> <span class='ocrx_word' id='word_1_399' title='bbox 1327 3427 1424 3500; x_wconf 79' lang='lat'>18893</span> <span class='ocrx_word' id='word_1_400' title='bbox 1449 3431 1483 3485; x_wconf 90' lang='lat' dir='ltr'>ut</span> 
     </span>
     <span class='ocr_line' id='line_1_57' title="bbox 836 3506 1481 3586; baseline -0.006 -18"><span class='ocrx_word' id='word_1_401' title='bbox 836 3515 921 3586; x_wconf 90' lang='lat' dir='ltr'>puta,</span> <span class='ocrx_word' id='word_1_402' title='bbox 938 3509 1012 3568; x_wconf 91' lang='lat' dir='ltr'>ordo</span> <span class='ocrx_word' id='word_1_403' title='bbox 1033 3525 1133 3580; x_wconf 88' lang='lat' dir='ltr'>sacer,</span> <span class='ocrx_word' id='word_1_404' title='bbox 1151 3509 1299 3568; x_wconf 89' lang='lat' dir='ltr'>solemnis</span> <span class='ocrx_word' id='word_1_405' title='bbox 1318 3506 1481 3584; x_wconf 81' lang='lat' dir='ltr'>professio,</span> 
     </span>
     <span class='ocr_line' id='line_1_58' title="bbox 836 3587 1479 3666; baseline -0.003 -19"><span class='ocrx_word' id='word_1_406' title='bbox 836 3589 992 3666; x_wconf 80' lang='lat' dir='ltr'>cognatio,</span> <span class='ocrx_word' id='word_1_407' title='bbox 1016 3588 1141 3665; x_wconf 89' lang='lat' dir='ltr'>propria</span> <span class='ocrx_word' id='word_1_408' title='bbox 1165 3589 1268 3647; x_wconf 87' lang='lat' dir='ltr'>cultus</span> <span class='ocrx_word' id='word_1_409' title='bbox 1295 3587 1479 3663; x_wconf 83' lang='lat' dir='ltr'>disparitas.</span> 
     </span>
     <span class='ocr_line' id='line_1_59' title="bbox 835 3666 1482 3731; baseline -0.011 0"><span class='ocrx_word' id='word_1_410' title='bbox 835 3671 876 3731; x_wconf 81' lang='lat' dir='ltr'>ut</span> <span class='ocrx_word' id='word_1_411' title='bbox 891 3671 918 3730; x_wconf 92' lang='lat' dir='ltr'>si</span> <span class='ocrx_word' id='word_1_412' title='bbox 934 3669 1168 3728; x_wconf 87' lang='lat' dir='ltr'>matrimonium</span> <span class='ocrx_word' id='word_1_413' title='bbox 1183 3669 1296 3728; x_wconf 87' lang='lat' dir='ltr'>initum</span> <span class='ocrx_word' id='word_1_414' title='bbox 1312 3666 1410 3726; x_wconf 86' lang='lat' dir='ltr'>fuerit</span> <span class='ocrx_word' id='word_1_415' title='bbox 1427 3668 1482 3725; x_wconf 87' lang='lat' dir='ltr'>suh</span> 
     </span>
     <span class='ocr_line' id='line_1_60' title="bbox 835 3745 1483 3827; baseline -0.009 -17"><span class='ocrx_word' id='word_1_416' title='bbox 835 3766 984 3827; x_wconf 84' lang='lat' dir='ltr'>expressa</span> <span class='ocrx_word' id='word_1_417' title='bbox 999 3748 1174 3808; x_wconf 88' lang='lat' dir='ltr'>conditione</span> <span class='ocrx_word' id='word_1_418' title='bbox 1195 3747 1383 3816; x_wconf 78' lang='lat' dir='ltr'>resolutius,</span> <span class='ocrx_word' id='word_1_419' title='bbox 1395 3745 1483 3805; x_wconf 88' lang='lat' dir='ltr'>nulla</span> 
     </span>
     <span class='ocr_line' id='line_1_61' title="bbox 835 3825 1482 3902; baseline -0.009 -12"><span class='ocrx_word' id='word_1_420' title='bbox 835 3828 1048 3890; x_wconf 88' lang='lat' dir='ltr'>declaratione</span> <span class='ocrx_word' id='word_1_421' title='bbox 1080 3827 1141 3886; x_wconf 87' lang='lat' dir='ltr'>lori</span> <span class='ocrx_word' id='word_1_422' title='bbox 1169 3825 1379 3887; x_wconf 88' lang='lat' dir='ltr'>ecclesiastici</span> <span class='ocrx_word' id='word_1_423' title='bbox 1408 3843 1482 3902; x_wconf 89' lang='lat' dir='ltr'>opus</span> 
     </span>
     <span class='ocr_line' id='line_1_62' title="bbox 835 3903 1481 3984; baseline -0.006 -16"><span class='ocrx_word' id='word_1_424' title='bbox 835 3913 939 3969; x_wconf 86' lang='lat' dir='ltr'>estut</span> <span class='ocrx_word' id='word_1_425' title='bbox 961 3907 1106 3984; x_wconf 83' lang='lat' dir='ltr'>coniuges</span> <span class='ocrx_word' id='word_1_426' title='bbox 1137 3907 1257 3984; x_wconf 85' lang='lat' dir='ltr'>possint</span> <span class='ocrx_word' id='word_1_427' title='bbox 1284 3909 1322 3965; x_wconf 88' lang='lat' dir='ltr'>ab</span> <span class='ocrx_word' id='word_1_428' title='bbox 1344 3903 1481 3964; x_wconf 86' lang='lat' dir='ltr'>invicem</span> 
     </span>
     <span class='ocr_line' id='line_1_63' title="bbox 836 3985 1479 4068; baseline -0.009 -18"><span class='ocrx_word' id='word_1_429' title='bbox 836 3989 977 4067; x_wconf 86' lang='lat' dir='ltr'>separari</span> <span class='ocrx_word' id='word_1_430' title='bbox 1007 3988 1053 4068; x_wconf 84' lang='lat' dir='ltr'>(S.</span> <span class='ocrx_word' id='word_1_431' title='bbox 1083 3989 1118 4048; x_wconf 81' lang='lat'>0.</span> <span class='ocrx_word' id='word_1_432' title='bbox 1150 3989 1198 4055; x_wconf 86' lang='grc'>0.,</span> <span class='ocrx_word' id='word_1_433' title='bbox 1230 3985 1246 4042; x_wconf 93' lang='grc'>1</span> <span class='ocrx_word' id='word_1_434' title='bbox 1276 3989 1356 4062; x_wconf 79' lang='lat' dir='ltr'>Aug.</span> <span class='ocrx_word' id='word_1_435' title='bbox 1389 3985 1479 4054; x_wconf 89' lang='grc'>1748,</span> 
     </span>
     <span class='ocr_line' id='line_1_64' title="bbox 834 4064 1480 4148; baseline -0.002 -20"><span class='ocrx_word' id='word_1_436' title='bbox 834 4071 912 4148; x_wconf 87' lang='lat' dir='ltr'>apud</span> <span class='ocrx_word' id='word_1_437' title='bbox 925 4071 999 4128; x_wconf 90' lang='lat' dir='ltr'>Ben.</span> <span class='ocrx_word' id='word_1_438' title='bbox 1016 4067 1101 4138; x_wconf 89' lang='lat' dir='ltr'>XIV,</span> <span class='ocrx_word' id='word_1_439' title='bbox 1114 4067 1160 4127; x_wconf 85' lang='lat' dir='ltr'>De</span> <span class='ocrx_word' id='word_1_440' title='bbox 1172 4067 1266 4142; x_wconf 72' lang='lat' dir='ltr'>Sym,</span> <span class='ocrx_word' id='word_1_441' title='bbox 1276 4067 1364 4139; x_wconf 91' lang='lat' dir='ltr'>Xlll,</span> <span class='ocrx_word' id='word_1_442' title='bbox 1377 4067 1427 4136; x_wconf 89' lang='grc'>22,</span> <span class='ocrx_word' id='word_1_443' title='bbox 1436 4064 1480 4144; x_wconf 91' lang='grc'>8).</span> 
     </span>
    </p>

    <p class='ocr_par' dir='ltr' id='par_1_20' title="bbox 834 4146 1482 4546">
     <span class='ocr_line' id='line_1_65' title="bbox 894 4146 1478 4229; baseline -0.005 -21"><span class='ocrx_word' id='word_1_444' title='bbox 894 4148 940 4229; x_wconf 87' lang='grc'>(7)</span> <span class='ocrx_word' id='word_1_445' title='bbox 961 4149 1009 4208; x_wconf 81' lang='lat' dir='ltr'>Ex</span> <span class='ocrx_word' id='word_1_446' title='bbox 1031 4149 1063 4207; x_wconf 89' lang='lat' dir='ltr'>S.</span> <span class='ocrx_word' id='word_1_447' title='bbox 1087 4148 1125 4208; x_wconf 93' lang='lat' dir='ltr'>U.</span> <span class='ocrx_word' id='word_1_448' title='bbox 1149 4147 1189 4218; x_wconf 92' lang='lat'>1.‚</span> <span class='ocrx_word' id='word_1_449' title='bbox 1212 4146 1254 4206; x_wconf 88' lang='grc'>22</span> <span class='ocrx_word' id='word_1_450' title='bbox 1276 4146 1358 4206; x_wconf 88' lang='lat' dir='ltr'>Iunii</span> <span class='ocrx_word' id='word_1_451' title='bbox 1386 4146 1478 4215; x_wconf 87' lang='grc'>1864,</span> 
     </span>
     <span class='ocr_line' id='line_1_66' title="bbox 835 4227 1481 4289; baseline -0.006 -1"><span class='ocrx_word' id='word_1_452' title='bbox 835 4232 854 4288; x_wconf 93' lang='grc'>4</span> <span class='ocrx_word' id='word_1_453' title='bbox 885 4229 981 4289; x_wconf 82' lang='lat' dir='ltr'>Mart.</span> <span class='ocrx_word' id='word_1_454' title='bbox 1010 4227 1098 4288; x_wconf 82' lang='lat'>1885.</span> <span class='ocrx_word' id='word_1_455' title='bbox 1119 4229 1165 4287; x_wconf 84' lang='lat' dir='ltr'>Ad</span> <span class='ocrx_word' id='word_1_456' title='bbox 1193 4227 1339 4287; x_wconf 89' lang='lat' dir='ltr'>ultimum</span> <span class='ocrx_word' id='word_1_457' title='bbox 1368 4227 1481 4286; x_wconf 89' lang='lat' dir='ltr'>consti·</span> 
     </span>
     <span class='ocr_line' id='line_1_67' title="bbox 834 4307 1481 4384; baseline -0.008 -15"><span class='ocrx_word' id='word_1_458' title='bbox 834 4309 917 4369; x_wconf 83' lang='lat' dir='ltr'>tutio</span> <span class='ocrx_word' id='word_1_459' title='bbox 927 4308 1123 4368; x_wconf 85' lang='lat' dir='ltr'>benedictina</span> <span class='ocrx_word' id='word_1_460' title='bbox 1137 4325 1196 4366; x_wconf 91' lang='lat' dir='ltr'>non</span> <span class='ocrx_word' id='word_1_461' title='bbox 1207 4309 1346 4384; x_wconf 87' lang='lat' dir='ltr'>pertinet</span> <span class='ocrx_word' id='word_1_462' title='bbox 1357 4307 1395 4366; x_wconf 87' lang='lat' dir='ltr'>ad</span> <span class='ocrx_word' id='word_1_463' title='bbox 1411 4323 1481 4364; x_wconf 88' lang='lat' dir='ltr'>cau·</span> 
     </span>
     <span class='ocr_line' id='line_1_68' title="bbox 834 4387 1482 4463; baseline -0.006 -15"><span class='ocrx_word' id='word_1_464' title='bbox 834 4405 885 4448; x_wconf 87' lang='lat' dir='ltr'>ses</span> <span class='ocrx_word' id='word_1_465' title='bbox 900 4388 1149 4448; x_wconf 86' lang='lat' dir='ltr'>matrimoniales</span> <span class='ocrx_word' id='word_1_466' title='bbox 1164 4387 1402 4463; x_wconf 86' lang='lat' dir='ltr'>adprobandum</span> <span class='ocrx_word' id='word_1_467' title='bbox 1417 4403 1482 4445; x_wconf 87' lang='lat' dir='ltr'>ma·</span> 
     </span>
     <span class='ocr_line' id='line_1_69' title="bbox 834 4466 1482 4546; baseline -0.003 -18"><span class='ocrx_word' id='word_1_468' title='bbox 834 4469 1017 4529; x_wconf 87' lang='lat' dir='ltr'>trimonium</span> <span class='ocrx_word' id='word_1_469' title='bbox 1044 4487 1106 4546; x_wconf 87' lang='lat' dir='ltr'>per</span> <span class='ocrx_word' id='word_1_470' title='bbox 1136 4469 1259 4526; x_wconf 80' lang='lat' dir='ltr'>obitu-m</span> <span class='ocrx_word' id='word_1_471' title='bbox 1294 4466 1482 4526; x_wconf 81' lang='lat' dir='ltr'>dissolutum</span> 
     </span>
    </p>
   </div>
   <div class='ocr_carea' id='block_1_15' title="bbox 835 4545 1422 4628">
    <p class='ocr_par' dir='ltr' id='par_1_21' title="bbox 835 4545 1422 4628">
     <span class='ocr_line' id='line_1_70' title="bbox 835 4545 1422 4628; baseline 0.002 -21"><span class='ocrx_word' id='word_1_472' title='bbox 835 4547 933 4608; x_wconf 87' lang='lat' dir='ltr'>luisse</span> <span class='ocrx_word' id='word_1_473' title='bbox 953 4546 1001 4628; x_wconf 90' lang='lat' dir='ltr'>(S.</span> <span class='ocrx_word' id='word_1_474' title='bbox 1026 4547 1061 4608; x_wconf 86' lang='lat' dir='ltr'>O.</span> <span class='ocrx_word' id='word_1_475' title='bbox 1085 4549 1134 4620; x_wconf 85' lang='grc'>0.,</span> <span class='ocrx_word' id='word_1_476' title='bbox 1159 4548 1196 4608; x_wconf 91' lang='grc'>14</span> <span class='ocrx_word' id='word_1_477' title='bbox 1218 4549 1293 4607; x_wconf 88' lang='lat' dir='ltr'>Dec.</span> <span class='ocrx_word' id='word_1_478' title='bbox 1320 4545 1422 4626; x_wconf 84' lang='grc'>1880).</span> 
     </span>
    </p>
   </div>
   <div class='ocr_carea' id='block_1_16' title="bbox 0 0 1770 5124">
    <p class='ocr_par' dir='ltr' id='par_1_22' title="bbox 0 0 1770 5124">
     <span class='ocr_line' id='line_1_71' title="bbox 0 0 1770 5124; baseline 0 4"><span class='ocrx_word' id='word_1_479' title='bbox 0 0 1770 5124; x_wconf 95' lang='lat' dir='ltr'> </span> 
     </span>
    </p>
   </div>
  </div>
 </body>
</html>
