3594 5122
741 619 1088 738 lateratus
1122 621 1198 736 lll.

599 875 653 940 DE
681 873 986 939 8ΑΟΒΑΜΕΝΤο
1015 872 1343 937 ΡΟΕΝΙΤΕΝΤΙΑΕ

909 1083 1042 1092 0⁴...—

783 1307 1098 1406 amuuus
1128 1309 1172 1444 J.

545 1515 616 1584 Ex
647 1515 822 1606 quibus
852 1517 1141 1616 poenitentia
1172 1516 1407 1586 consistat.

760 1697 764 1704 '
852 1697 1098 1743 PRAENOTANDA.

368 1864 445 1932 297.
474 1862 689 1934 Paenitentia
713 1871 750 1935 et
773 1865 884 1934 virtus
914 1871 979 1951 est,
1017 1871 1053 1933 et
1081 1873 1341 1936 sacramentum
1373 1872 1413 1936 N.
1441 1873 1476 1936 L.
1504 1867 1572 1938 Illo
1598 1868 1649 1937 nil

307 1971 401 2040 aliud
432 1976 496 2056 cst,
530 1991 636 2062 quam
665 2011 686 2022 -
715 1976 764 2041 De
790 1981 929 2059 peceato
959 1977 1137 2041 corrrmisso
1172 1977 1290 2042 onirni
1315 1974 1413 2043 dolor
1428 2005 1471 2058 -,·
1499 1974 1561 2046 boc
1595 1981 1650 2046 est

308 2117 329 2129 -
354 2079 626 2146 Sacramentum
651 2099 728 2168 qno,
755 2077 905 2165 confessi
926 2087 958 2146 et
980 2081 1133 2162 contriti,
1164 2099 1230 2166 per
1257 2082 1472 2149 sacerdotem
1503 2081 1649 2150 absolui-

309 2199 392 2247 mm·
407 2199 431 2250 o
444 2182 595 2266 peccatis
614 2187 689 2266 post
705 2180 916 2266 baptisrrmm
939 2179 1103 2249 admissis
1126 2219 1159 2248 -.
1179 2179 1381 2250 Institutum
1398 2179 1465 2250 luit
1479 2181 1522 2250 ad
1538 2180 1650 2252 instar

308 2283 426 2354 iudicii
444 2285 505 2374 (l),
541 2283 618 2353 ideo
652 2291 689 2354 et
721 2286 932 2355 sacramenti
968 2292 1003 2354 ct
1037 2284 1155 2355 iudicii
1192 2285 1265 2356 vim
1297 2287 1412 2374 habet,
1438 2287 1649 2357 sacramenti

308 2389 421 2481 quoad
443 2390 688 2476 substantiam,
715 2390 833 2460 iudicii
857 2391 970 2482 quoad
1003 2389 1172 2480 sormam.
1211 2391 1450 2462 Paenitentiae
1473 2392 1650 2464 obiectum

309 2495 489 2565 materiale
512 2501 595 2564 sunt
617 2502 760 2585 peccata
784 2497 943 2585 (materia
966 2501 1063 2566 circu
1086 2498 1221 2588 quarm:
1253 2518 1378 2587 nempe
1401 2499 1513 2589 quoad
1536 2518 1651 2568 sacra·

309 2609 469 2673 mentum
493 2603 556 2671 sub
580 2623 649 2671 una
673 2603 833 2692 generice
857 2603 992 2673 ratione
1016 2603 1150 2694 pcccati
1170 2606 1229 2693 (t),
1254 2607 1368 2696 quoad
1392 2605 1571 2692 iudicium,
1597 2607 1651 2674 uti

308 2709 442 2798 singula
466 2715 565 2777 sunt:
593 2713 708 2798 partes
731 2716 849 2780 autem
874 2709 1086 2796 essentiales,
1120 2717 1156 2778 et
1179 2711 1277 2780 velut
1299 2711 1396 2802 quasi
1422 2711 1567 2782 materia
1591 2719 1651 2799 (ex
1771 2699 1772 2726 ³

309 2818 396 2904 quc)
420 2821 519 2883 actus
551 2813 774 2903 poenitentis,
811 2836 937 2905 nempe
972 2815 1135 2885 contritio
1168 2823 1203 2885 ct
1236 2815 1409 2887 confessio
1435 2819 1495 2905 (3).
1522 2823 1573 2888 Ex
1597 2818 1652 2888 bis

310 2927 453 3010 peccata
477 2919 655 3010 pertinent
677 2919 720 2989 ad
743 2919 996 3009 poenitentiam
1020 2927 1145 3012 etqua
1168 2927 1427 2992 sacramentum
1451 2927 1575 3014 etqua
1600 2921 1652 2991 lu·

308 3025 452 3112 dicium,
478 3025 644 3095 contritio
667 3047 735 3117 qua
758 3045 840 3096 eum
864 3025 985 3116 primis
1007 3033 1281 3112 sacramentum,
1314 3027 1575 3119 confessioque
1599 3027 1651 3097 iu-

309 3131 439 3201 dicium
463 3153 544 3202 cum
568 3132 688 3222 primis
711 3140 765 3202 est
780 3135 839 3222 (t).
879 3133 999 3202 Verbis
1033 3133 1259 3204 absolutionis
1293 3133 1494 3204 continetur
1528 3133 1653 3222 formo

310 3248 348 3310 et
370 3241 556 3330 sententia,
582 3242 640 3333 qui
664 3242 814 3312 absolvit
837 3241 987 3310 ministri
1011 3247 1048 3311 et
1071 3241 1205 3327 iudicis,
1223 3242 1282 3333 qui
1298 3241 1491 3311 absolvitur
1505 3241 1654 3312 subiecti

311 3348 420 3418 atrei
445 3369 628 3438 personam
652 3349 751 3438 gerit.
779 3340 1058 3419 satisfactionem
1082 3348 1157 3418 tete
1180 3349 1409 3440 praetermisi,
1442 3349 1566 3441 quippe
1590 3371 1652 3419 ex·

244 3545 245 3552 ἵ
311 3455 484 3525 trinsecus
506 3454 652 3541 accedit,
677 3461 713 3524 et
736 3455 812 3524 ideo
836 3455 946 3544 magis
968 3455 1011 3525 ad
1034 3455 1272 3546 integritatem
1296 3455 1457 3547 pertinet.

372 3697 418 3779 (l)
439 3702 539 3772 Tria,
557 3700 641 3772 XIV,
658 3701 689 3759 b.
708 3709 729 3758 t.
755 3701 816 3780 (De
838 3703 954 3761 Poeni·
1008 3703 1171 3762 tritionem
1202 3720 1292 3776 vero,
1324 3721 1382 3762 non
1410 3705 1653 3765 materiamen

313 3779 419 3858 tent),
440 3783 513 3857 Gap.
530 3779 562 3852 2,
582 3783 611 3852 5,
627 3783 657 3840 7.
1008 3801 1085 3859 qna,
1107 3784 1158 3841 sad
1179 3787 1408 3844 contritionem
1430 3801 1509 3856 esse3
1533 3786 1653 3844 Duran-

374 3857 421 3940 (2)
442 3862 474 3921 S.
494 3860 601 3937 Alph.,
624 3859 679 3930 VI,
696 3861 766 3922 480.
1007 3865 1062 3921 dus
1090 3880 1130 3920 ex
1161 3864 1351 3924 confessione
1380 3869 1413 3922 et
1437 3865 1650 3936 absolutione3
1760 3911 1766 3937 ,

372 3941 418 4022 (3)
432 3941 533 4010 Tria,
558 3941 580 4003 t.
603 3959 643 4012 c„
657 3942 730 4019 Cep.
754 3941 784 4000 3.
801 3973 819 3986 -
836 3941 954 4010 Oetaei}
1008 3943 1100 4003 Sotus
1120 3941 1162 4021 (si
1177 3961 1253 4002 vere
1268 3941 1368 4002 refert
1383 3940 1512 4021 Suerez)
1526 3961 1566 4002 ex
1581 3961 1654 4002 oon·

313 4037 372 4078 non
403 4021 475 4097 quia
505 4037 599 4081 verae
629 4021 780 4082 materias
801 4021 955 4080 rationem
1007 4023 1149 4094 tritiouo,
1173 4023 1365 4082 confessione
1386 4026 1419 4083 et
1434 4023 1653 4083 satisfactione

314 4117 374 4159 non
395 4101 540 4170 habeant,
573 4102 624 4162 sed
649 4101 723 4176 quia
743 4101 810 4162 eius
831 4104 955 4175 generis
1008 4099 1176 4180 (Vsltugo,
1194 4103 1225 4163 b.
1243 4111 1277 4170 t,
1295 4102 1365 4174 XII,
1382 4103 1466 4162 Sect.
1483 4099 1526 4180 2).

313 4181 448 4240 materia
475 4199 533 4240 nou
557 4187 639 4251 sunt,
660 4199 738 4256 quae
761 4181 956 4242 extrinsecus
1068 4180 1115 4260 (4)
1137 4181 1379 4260 Cumprimis:
1402 4199 1474 4241 nam
1488 4189 1520 4243 et
1535 4181 1653 4242 confes-

314 4259 490 4333 adhibetur;
506 4267 540 4321 ut
554 4277 633 4336 aqua
647 4262 678 4319 in
692 4261 858 4338 baptismo,
874 4261 957 4319 cbri-
1010 4261 1055 4320 sio
1076 4279 1131 4338 per
1152 4279 1338 4338 consequeus
1358 4263 1495 4340 pertinet
1522 4263 1560 4322 ed
1584 4263 1655 4322 sub·

313 4355 381 4398 sma
395 4340 426 4398 in
441 4341 675 4401 confirmatione
689 4339 831 4420 (Catecb.
849 4343 955 4411 Rosa,
1010 4343 1160 4402 stantiam
1188 4343 1393 4414 sacramenti,
1429 4343 1540 4419 quippe
1573 4342 1654 4417 quod

315 4419 347 4478 b.
374 4419 424 4499 t).
463 4421 561 4479 Porro
590 4423 700 4481 Scotus
734 4422 953 4492 existimavit,
1009 4422 1075 4480 sine
1097 4422 1210 4482 iudicio
1232 4427 1374 4482 constare
1396 4439 1455 4482 nou
1475 4427 1593 4498 potest3
1616 4425 1651 4480 et
1771 4455 1772 4464 κ

313 4503 413 4560 totam
434 4500 640 4560 substantiam
662 4500 752 4560 huius
767 4503 957 4561 sacramenti
1010 4499 1158 4561 contritio
1179 4507 1228 4562 est
1249 4503 1398 4576 conditio,
1412 4503 1551 4577 sineque
1565 4517 1654 4560 nemo
1771 4539 1772 4556 ,

315 4578 347 4637 in
369 4580 435 4640 sola
464 4579 655 4639 absolutione
682 4581 864 4652 consistam
886 4599 955 4639 oon·
1010 4581 1042 4638 in
1063 4580 1121 4640 hoc
1143 4581 1257 4640 iudicio
1278 4588 1380 4659 potest
1403 4581 1536 4641 absolsi.
