3594 5122
291 248 357 317 wl-
447 271 538 317 tisun
562 269 645 316 111.-
661 269 778 316 TRAC'I'.
804 270 839 315 11.
866 269 905 315 ult
929 268 1149 316 SACRABOENTlS
1171 269 1474 316 subnectentsvturs

290 371 400 442 immo
424 373 488 443 etsi
512 371 685 442 adhibitae
709 371 853 458 luerint,
878 371 907 442 si
931 378 1050 462 postea
1073 370 1273 462 apparuerit
1294 369 1506 460 baptismum
1530 369 1629 441 inva-

290 476 399 547 lidum
423 477 542 563 luisse,
568 497 627 547 eas
651 486 815 565 repetere,
842 484 978 548 remoto
1002 479 1177 562 scandalo,
1203 477 1313 548 tutius
1336 483 1389 548 est
1407 479 1490 566 (72).

349 587 426 655 777.
453 584 646 676 Baptismus
669 584 736 654 tria
760 591 923 674 praestat:
952 585 1015 669 1⁰,
1032 584 1124 654 delet
1138 605 1281 655 omnem
1297 587 1447 676 culpam;
1467 587 1532 672 2⁰,
1549 606 1630 656 cum

291 693 336 763 sit
359 693 590 783 regeneratio,
616 691 765 762 remittit
788 713 930 762 omnem
954 711 1104 782 poenam
1128 711 1190 782 pro
1214 691 1367 780 peccatis
1390 693 1556 780 debitam,
1584 713 1629 763 en

289 821 357 891 quo
381 821 488 890 grave
512 805 565 868 est
588 797 772 888 baptizatis
800 797 1058 868 satisfactiones
1080 798 1274 889 imponere,
1300 801 1366 886 5⁰,
1392 801 1535 870 demum
1564 800 1628 870 im·

290 905 413 999 primit
436 911 688 978 characterem.
716 907 748 974 Si
773 906 879 976 daeo
904 905 1094 991 dubitetur,
1120 905 1148 975 si
1173 906 1316 976 dubium
1341 907 1542 978 nullatenus
1575 916 1630 980 est

290 1013 478 1107 probabile,
504 1035 610 1104 grave
635 1020 689 1084 est
711 1014 839 1083 iterum
862 1013 1050 1104 baptizare,
1076 1013 1237 1105 quamvis
1252 1014 1295 1084 ad
1311 1013 1497 1100 cautelam,
1515 1022 1551 1085 et
1564 1019 1631 1086 sub

290 1121 491 1192 conditione
510 1121 592 1208 (75).
620 1119 652 1188 si
677 1141 748 1189 non
772 1125 825 1190 est
848 1138 988 1210 prorsus
1012 1117 1250 1208 improbabile,
1282 1125 1319 1189 et
1349 1119 1430 1190 licet
1459 1126 1496 1190 et
1529 1141 1629 1211 opor-

289 1233 343 1300 tet
367 1231 400 1317 (ἓ
414 1228 506 1316 268),
532 1226 608 1297 sive
631 1226 767 1295 dubites
790 1233 910 1295 utrum
934 1245 1058 1295 revera
1082 1225 1246 1296 collatum
1271 1225 1390 1312 luerit,
1415 1227 1491 1296 sive
1506 1231 1626 1296 utrum

289 1335 414 1406 valide.
442 1339 493 1404 Ex
517 1333 583 1402 boe
615 1331 728 1421 capite
753 1329 987 1421 rebaptizandi
1011 1337 1094 1400 sunt
1116 1329 1280 1420 baptizati
1311 1332 1355 1400 ab
1385 1331 1630 1402 obstetricibus

288 1462 359 1512 non
384 1439 547 1530 probatae
570 1437 714 1528 peritiae
733 1437 816 1526 (71),
842 1438 899 1507 771
922 1437 966 1507 717
988 1436 1184 1525 haereticis,
1211 1437 1253 1507 de
1276 1438 1400 1529 quibus
1416 1459 1487 1508 non
1505 1437 1627 1508 imme·

288 1546 355 1616 rito
379 1545 569 1629 dubitatur,
594 1565 640 1614 an
665 1543 778 1614 valide
801 1543 980 1633 baptizent
1006 1543 1088 1634 (77),
1122 1549 1162 1614 ut
1189 1563 1269 1614 ecce
1301 1565 1319 1614 a
1353 1545 1629 1634 protestantibus

287 1653 359 1746 qui,
385 1653 451 1722 rati
476 1652 688 1742 baptismum
711 1671 783 1721 non
806 1671 880 1722 esse
904 1653 1152 1736 necessarium,
1179 1650 1241 1721 vix
1265 1651 1330 1722 rite
1355 1651 1545 1742 baptizant,
1563 1657 1629 1722 aut

288 1782 332 1832 ne
358 1760 419 1830 vix
443 1759 583 1851 quidem
602 1759 683 1846 (76).

348 1866 425 1936 278.
453 1865 572 1936 lldbuc
595 1865 637 1934 de
661 1884 746 1934 vero
784 1864 969 1954 baptismo,
1003 1883 1107 1954 quem
1140 1863 1255 1934 Nostri
1284 1865 1445 1952 (1777777777
1475 1871 1619 1936 vocant.

290 1979 358 2060 Est,
384 1973 453 2042 lata
469 1969 734 2062 significatione,
752 1968 845 2039 aliud
861 1969 1044 2060 baptisma,
1061 1969 1152 2060 quod
1167 1971 1341 2057 (1777777777
1358 1978 1393 2041 77
1408 1971 1513 2058 aliud,
1531 1974 1624 2064 quod

285 2081 475 2168 conpulsis
496 2076 629 2146 dicunt.
654 2077 848 2166 Baptismus
870 2076 1022 2146 {laminis
1049 2075 1207 2166 (Spiritus
1229 2079 1277 2164 S.)
1302 2084 1355 2146 est
1377 2079 1450 2168 ipsa
1473 2079 1626 2168 perfecta

286 2183 415 2254 caritas
441 2184 494 2253 vel
518 2181 682 2252 contritio
707 2181 787 2270 (77).
815 2183 1009 2272 Baptismus
1033 2181 1211 2270 sanguinis
1234 2189 1288 2251 est
1311 2183 1533 2273 martyrium:
1559 2185 1627 2256 boc

285 2311 346 2375 pro
370 2289 540 2380 baptismo
564 2307 638 2358 esse
663 2289 791 2358 nedum
816 2288 954 2374 adultis,
980 2289 1039 2358 sed
1063 2293 1099 2357 et
1115 2287 1319 2373 infantibus
1336 2289 1412 2358 sine
1427 2288 1628 2360 temeritate

286 2398 404 2487 negari
429 2417 500 2467 non
524 2401 638 2487 potest
653 2397 733 2486 (78);
767 2415 892 2466 verum
925 2395 957 2465 ei
989 2394 1186 2484 recipiendo
1216 2395 1253 2464 in
1282 2396 1408 2466 adrdtis
1438 2397 1629 2488 requiritur

346 2611 466 2704 (72)
491 2612 551 2688 Alp
554 2613 606 2682 lr.,
636 2611 691 2680 VI,
725 2611 791 2670 144.
823 2611 926 2678 Quoad
982 2612 1033 2669 sed
1056 2611 1136 2670 elam
1159 2612 1316 2688 baptizari
1337 2615 1427 2673 debet
1414 2613 1548 2694 t(S.C.
1573 2619 1623 2691 (l.,

285 2693 411 2750 nomina
432 2695 506 2767 bapt
509 2692 601 2750 777777
624 2691 817 2766 imponenda,
849 2691 928 2765 quod
981 2689 1230 2768 2111771733).
1261 2693 1334 2752 Dixi
1363 2696 1394 2752 77
1424 2697 1624 2772 7771777774

285 2771 354 2830 Rit.
377 2773 468 2831 Rom.
493 2777 597 2833 cavet.
620 2771 678 2828 1777
693 2779 747 2828 aut
762 2769 927 2828 eonsrlrum
982 2770 1049 2828 ideo
1054 2771 1159 2857 pueri
1181 2774 1266 2863 rapti
1287 2790 1305 2830 a
1326 2775 1482 2846 barbari,s
1506 2777 1531 2834 si
1562 2795 1624 2838 non

285 2855 344 2922 est,
367 2857 422 2910 7777
443 2855 589 2927 praecept
591 2867 640 2908 um
669 2851 739 2909 leve
753 2848 799 2918 (S
817 2850 925 2926 Alph,
982 2867 1053 2908 none
1054 2845 1103 2909 'tet
1125 2852 1198 2928 bapt
1201 2851 1299 2912 777777
1328 2851 1437 2923 fuisse‘,
1468 2858 1625 2931 baptizari

286 2894 432 3008 145).Et
454 2931 480 2990 71
503 2931 604 3004 isqui
627 2930 927 3005 puerumbaptrzan
981 2929 1620 3022 71717777((1.110,Ι)7077771747177777

283 3013 355 3069 dum
378 3009 492 3080 defert,
516 3009 598 3068 nolit
585 3015 747 3085 ptrorsus
776 3027 846 3069 eum
874 3011 926 3068 ba·
981 3009 1017 3068 de
1045 3010 1188 3086 7777177
1217 3012 1308 3090 vagia
1336 2979 1518 3087 derelictis,
1546 3015 1626 3077 11777

283 3089 400 3168 77777771
421 3089 483 3148 nisi
504 3097 761 3165 impostormprr
777 3090 924 3158 alicuius
981 3087 1107 3149 bimulis
1136 3095 1191 3150 aut
1226 3093 1384 3164 trimulis,
1418 3101 1504 3154 recte
1533 3097 1625 3158 aiunt

284 3169 508 3230 vechelesrae
523 3168 622 3227 1777177
637 3187 771 3241 nomine
786 3186 844 3227 non
859 3169 927 3226 rdoo
980 3170 1102 3239 Gouss.,
1126 3173 1158 3229 77
1180 3171 1309 3231 8777771
1328 3171 1436 3322 (17.,
1401 3181 1436 3240 7.,
1458 3174 1560 3253 575).

284 3250 332 3309 l'as
353 3255 402 3310 est
423 3247 475 3308 7117
489 3249 573 3324 bap
566 3265 677 3307 ramum
699 3247 837 3320 differre,
874 3247 926 3306 sed
1039 3248 1105 3330 (74)
1118 3250 1225 3323 Crorx
1249 3251 1303 3321 Vl,
1380 3253 1486 3314 318.
1501 3257 1625 3316 Proba-

283 3329 484 3405 baptizandus
499 3327 836 3387 esaddrosubmrssa
851 3345 926 3386 voce
981 3337 1033 3388 tae
1053 3334 1128 3398 etc,
1151 3334 1349 3404 quamobrem
1371 3351 1399 3392 77
1413 3339 1542 3412 tyrones
1554 3337 1620 3397 77777

283 3409 408 3469 nomino
430 3407 562 3466 almurus
578 3408 686 3467 877777
701 3408 747 3488 (8
764 3410 803 3468 U.
822 3409 860 3480 1.,
878 3408 926 3466 lu·
980 3411 1012 3467 in
1033 3427 1068 3468 77
1083 3427 1209 3468 munere
1223 3413 1370 3484 obeundo
1388 3432 1447 3472 non
1463 3416 1624 3476 immerito

284 3490 329 3549 nii
353 3487 455 3565 1883)
979 3487 1117 3551 dubitari
1138 3491 1252 3566 potest,
1276 3509 1313 3550 ne
1335 3494 1437 3553 subito
1405 3497 1622 3570 toperturba

342 3569 408 3648 (73)
429 3570 476 3628 tax
499 3567 574 3626 Ben.
598 3566 684 3639 XIV,
708 3568 925 3628 G.Poatremo
979 3569 1031 3628 tae
1052 3569 1269 3630 deerraverint
1297 3572 1441 3664 (Rosea,
1465 3575 1539 3649 Gap.
1563 3573 1621 3645 lV,

283 3649 411 3716 Mense,
425 3647 508 3722 531,
531 3647 617 3706 infi.
641 3647 698 3713 Qui
720 3649 824 3706 vetuit
811 3649 925 3706 t-reba
979 3667 1009 3724 q.
1034 3647 1063 3718 5,
1088 3667 1117 3708 n.
1134 3647 1178 3726 2);
1195 3669 1256 3709 nec
1266 3650 1401 3712 177717
1375 3671 1421 3712 777
1435 3655 1621 3713 credendum

282 3731 402 3806 ptizare
424 3727 561 3786 infantes
576 3727 745 3804 expositos,
762 3728 815 3802 qui
836 3727 926 3785 char·
978 3736 1027 3790 est
1048 3727 1078 3787 id
1100 3731 1296 3822 negantibus
1320 3734 1363 3792 At
1384 3732 1433 3791 ubi
1449 3733 1537 3792 nulla
1551 3735 1621 3793 sub-

281 3813 346 3866 tam
372 3808 588 3884 praeseferunt
575 3805 690 3866 tcollo
710 3823 875 3883 appensam
888 3807 925 3866 de
979 3815 1028 3869 777
1049 3815 1101 3868 777
1104 3810 1133 3868 17
1088 3809 1325 3881 tduBitandi,
1355 3813 1543 3890 baptismum
1570 3815 1623 3872 de·

234 3887 398 3968 ,collato
367 3887 512 3963 tt'bap
505 3904 600 3955 rsmo,
633 3887 660 3944 71
681 3892 843 4026 appareat
874 3905 924 3946 cu·
978 3907 1054 3958 nuo,
1089 3889 1141 3947 vel
1172 3891 1227 3949 sub
1258 3892 1443 3964 conditione,
1476 3893 1621 3953 conferre

234 3935 330 4026 ius
352 3983 444 4024 manu
465 3967 583 4042 scripta
605 3981 642 4024 77
663 3966 716 4036 717,
765 3967 837 4026 771
871 3968 925 4042 qui
978 3985 1076 4045 grave
1097 3973 1146 4028 est
1180 3969 1217 4030 V.
1237 3972 1311 4031 Ben.
1336 3971 1421 4044 XIV,
1446 3973 1520 4032 Ν.ο7
1544 3973 1619 4033 877

281 4045 410 4122 scripsit
430 4045 505 4104 fides
536 4049 604 4105 77777
634 4047 791 4122 praestari
812 4047 921 4123 possit.
979 4049 1053 4108 Not.
1077 4048 1128 4120 84,
1151 4047 1194 4108 3.

281 4124 426 4184 Immors
447 4125 499 4201 qui
522 4131 611 4186 natus
626 4131 728 4184 estex
743 4127 924 4202 perentibus
1036 4125 1523 4207 (75)8.11.1.,2οΝ77.1878;
1546 4132 1622 4192 Sea·

282 4204 464 4264 christianis
481 4208 713 4283 praesumitur
734 4208 921 4283 baptizatos,
978 4207 1057 4278 vini,
1082 4207 1140 4278 111,
1162 4211 1212 4269 65.

282 4284 308 4343 77
332 4283 416 4344 inter
447 4286 638 4346 christianos
668 4285 842 4344 christiane
870 4288 923 4346 ad·
1034 4287 1100 4367 (76)
1121 4291 1159 4348 V.
1183 4291 1300 4348 L'Amr'
1327 4293 1368 4351 de
1391 4294 1424 4351 lo
1446 4291 1621 4369 Belr'pton,

281 4363 381 4423 olevit
407 4365 580 4444 ((1.3,117
610 4366 756 4438 Presbyt.
782 4368 922 4425 7777777-
977 4367 1086 4428 261771.
1107 4368 1196 4442 1845,
1213 4369 1313 4430 blan.
1332 4372 1421 4433 1848.

277 4441 386 4521 petz.)
411 4445 482 4504 Nisi
503 4446 613 4522 gravis
635 4447 718 4504 natio
739 4445 824 4504 aliud
852 4464 921 4506 sua·
1050 4449 1103 4526 77)
1117 4450 1226 4522 Ororx
1250 4449 1306 4524 VI,
1329 4451 1355 4524 Ι,
1378 4452 1446 4512 244.

258 4525 353 4584 dest
372 4523 494 4604 (Oroin,
518 4526 573 4596 Vl,
597 4526 622 4592 1.
645 4524 730 4602 310);
747 4529 781 4584 ut
802 4543 872 4584 ecce
893 4527 921 4585 si
1035 4449 1101 4609 778)
1123 4530 1229 4601 Suam,
1254 4531 1368 4604 1729,
1393 4533 1421 4604 1;
1446 4533 1479 4592 S.
1503 4532 1617 4608 7117717,

280 4605 467 4664 adaemone
489 4611 582 4666 vexet
585 4624 621 4664 ur
641 4607 687 4682 (S.
712 4603 821 4676 Alpb,
837 4602 917 4683 134).
977 4607 1032 4678 VI,
1056 4610 1107 4670 95.
