3594 5122
622 341 726 386 carur
751 341 797 386 nr.
826 341 864 385 ns
888 340 1106 387 nsouunmnus
1469 319 1535 388 365

193 443 458 528 consuetudine,
485 443 517 511 hi
543 443 601 534 qui
626 443 731 512 choro
756 449 838 510 sunt
861 441 1001 527 addicti,
1020 462 1080 511 seu
1106 441 1251 531 religiosi
1276 443 1311 512 in
1336 443 1443 514 sacris
1466 465 1536 514 non

194 547 389 635 constituti,
416 571 480 619 nec
503 548 712 619 beneficium
737 549 850 638 adepti
876 549 935 618 sed
958 569 1026 639 que
1064 550 1238 638 regulares
1260 553 1354 636 sunt,
1379 570 1440 618 seu
1465 571 1537 620 mo-

194 653 315 740 niales,
341 661 508 726 tenentur
543 656 645 725 boras
669 655 854 731 canonicas
879 653 1024 724 recitare
1059 654 1211 746 quotidie
1236 656 1299 724 sub
1329 648 1425 744 gravi
1453 658 1535 745 (69).

197 761 442 848 Nihilominus,
468 784 512 831 ex
537 783 754 854 quacumque
790 762 984 831 rationabili
1017 781 1133 847 causa,
1160 761 1358 832 satisfacere
1393 768 1539 852 possunt
1651 769 1653 774 “

198 867 377 938 recitando
399 869 579 954 laicorum,
599 888 659 938 seu
683 868 850 938 laicarum
874 889 993 958 preces
1012 869 1098 956 (70),
1128 870 1183 938 rel
1209 890 1269 957 per
1300 868 1450 958 ipsorum
1475 890 1537 938 an·

195 971 334 1058 tistites,
361 974 483 1056 etiam¹
503 974 696 1060 interiores,
728 975 864 1064 penitus
898 974 1088 1063 dispensari
1113 975 1195 1062 (71).
1223 980 1294 1044 Nec
1328 976 1451 1064 singuli
1487 983 1538 1044 te·

194 1085 325 1148 nentur
347 1079 382 1148 in
414 1083 519 1151 cboro
546 1101 604 1150 eas
632 1081 779 1150 recitare
807 1081 890 1169 (71),
917 1082 975 1150 sed
999 1081 1233 1150 communitas
1259 1083 1340 1170 (75).
1368 1083 1535 1171 Amplius

142 1240 145 1249 .
194 1189 223 1258 si
250 1212 319 1260 non
344 1191 459 1262 adsint
494 1193 618 1261 saltem
641 1198 790 1282 quatuor
824 1189 975 1280 expediti
1007 1193 1079 1278 (seu
1105 1191 1260 1278 professi,
1286 1211 1345 1259 seu
1382 1191 1535 1278 neritii),
1578 1179 1580 1184 ’

194 1298 321 1366 cborus
345 1304 457 1367 cessat
483 1299 564 1384 (71).

255 1405 330 1472 tlt.
350 1409 526 1472 Hactenus
541 1403 585 1473 de
600 1401 813 1492 regularibus
830 1403 865 1471 in
883 1401 1047 1490 religione
1065 1401 1301 1470 manentibus:
1321 1422 1416 1470 nunc
1429 1423 1538 1491 pauca

196 1507 238 1578 dc
263 1509 316 1578 his
339 1509 397 1600 qui
422 1509 622 1597 areligione
646 1509 890 1578 discesserunt.
908 1515 1039 1578 Eorum
1063 1509 1189 1597 duplex
1207 1527 1315 1596 genus
1339 1514 1408 1578 est:
1427 1529 1537 1577 unum

196 1636 316 1684 eorum
341 1616 399 1706 qui
425 1617 599 1706 regulares
634 1637 803 1686 essenon
838 1615 1014 1700 desinunt,
1040 1616 1187 1684 alterum
1223 1635 1344 1684 eorum
1368 1616 1426 1706 qui
1450 1616 1538 1684 desi·

195 1727 304 1808 nunt;
331 1721 377 1791 illi
415 1723 541 1811 regulis
572 1711 733 1793 manent⁴
753 1721 921 1808 obstricti,
948 1725 983 1792 bi
1018 1743 1089 1791 non
1114 1719 1211 1792 item.
1242 1721 1305 1790 Sed
1329 1741 1452 1791 omnes
1487 1728 1537 1791 te·

195 1835 326 1896 nentur
349 1837 432 1900 roto
462 1831 652 1915 castitatis,
679 1837 718 1898 ut
743 1831 853 1919 prius:
881 1831 964 1900 item
994 1836 1029 1898 et
1062 1829 1296 1920 paupertatis,
1326 1829 1385 1899 sed
1413 1830 1534 1916 aliter,

196 1941 235 2002 ut
267 1956 350 2004 mox
374 1937 507 2007 dicam:
533 1945 570 2007 at
607 1945 688 2007 voto
712 1937 941 2022 obedientiae,
967 1937 1057 2028 quod
1081 1938 1123 2006 ad
1155 1937 1289 2024 regulas
1314 1937 1474 2025 pertinet,
1501 1936 1537 2005 hi

195 2045 307 2113 solum
323 2052 486 2113 tenentur
508 2043 566 2133 qui
591 2045 703 2112 adhuc
727 2045 859 2132 regulis
882 2051 964 2112 sunt
987 2041 1155 2112 obstricti.
1175 2043 1239 2124 Qui
1264 2041 1392 2111 idcirco
1416 2051 1538 2112 tenen-

196 2156 255 2220 tur
275 2159 408 2240 gestare
426 2151 595 2236 habitum,
616 2157 651 2218 et
672 2150 818 2240 inSIgnia
841 2149 971 2219 ordinis
985 2149 1133 2239 propria.
1154 2155 1256 2218 Porro
1273 2149 1444 2237 regulares
1465 2170 1537 2218 ma·

197 2265 283 2326 nent
306 2256 455 2346 promoti
490 2251 806 2346 ad‘episcopetum,
831 2262 1021 2346 apostatae,
1047 2264 1082 2325 et
1105 2255 1257 2344 prolugi:
1286 2277 1356 2324 non
1392 2262 1539 2324 manent

195 2362 446 2448 saecularitati,
472 2371 508 2432 et
530 2363 644 2434 eiecti.

254 2471 330 2540 tat.
348 2475 475 2540 Eorum
498 2471 556 2562 qui
573 2477 717 2540 manent
742 2471 915 2558 regulares
931 2468 1022 2559 baud
1039 2467 1195 2537 omnium
1216 2489 1277 2558 par
1293 2469 1446 2544 conditio
1469 2476 1532 2538 est.

197 2579 333 2648 Etenim
372 2579 554 2668 Episcopus
584 2579 741 2670 sequitur
763 2579 875 2646 solum
911 2584 1033 2645 votum
1068 2576 1297 2662 obedientiae,
1325 2598 1446 2646 rerum
1474 2577 1537 2648 soli

198 2690 236 2754 ll.
259 2683 434 2772 Pontifici,
462 2691 497 2754 et
520 2690 642 2754 votum
668 2683 880 2774 paupertatis
896 2683 978 2771 (76).
998 2685 1061 2750 Sed
1084 2681 1147 2750 boe
1170 2682 1271 2750 aliter
1294 2701 1449 2770 prorsus:
1468 2688 1538 2751 ete-

197 2789 271 2858 nim
294 2811 314 2859 a
338 2791 602 2859 confirmatione
637 2790 727 2859 tiunt
749 2811 894 2879 capaces
924 2787 1068 2858 dominii
1093 2789 1306 2879 acquirendi,
1332 2795 1368 2858 et
1398 2809 1537 2878 recupe-

197 2904 277 2965 rant
301 2895 374 2964 iura
399 2896 656 2965 successionum
684 2897 773 2982 (76);
801 2916 924 2966 terum
950 2916 1019 2964 non
1045 2893 1107 2982 sibi
1132 2893 1330 2984 acquirunt,
1348 2894 1406 2962 sed
1430 2895 1538 2964 eccle·
1658 2894 1661 2901 ’

197 3001 256 3071 slis
279 3003 350 3072 suis
373 3003 628 3072 cathedralibus
652 3005 741 3091 (77):
761 3003 889 3072 idcirco
913 3003 954 3072 de
978 3000 1142 3093 quaesitis
1166 3021 1231 3070 nec
1253 3001 1447 3089 disponere,
1474 3020 1540 3068 nec

897 3257 996 3312 etium
1016 3256 1046 3311 si
1066 3261 1208 3330 quotuor
1229 3257 1308 3322 siut,
1332 3254 1375 3312 ad
1401 3255 1536 3312 chorum

895 3335 1085 3408 obliquetur
1105 3334 1151 3412 (S.
1176 3335 1284 3410 Alph„
1307 3333 1362 3404 IV,
1388 3331 1466 3410 143).

955 3413 1021 3491 (75)
1042 3415 1088 3472 Ex
1111 3415 1144 3474 Ο.
1164 3413 1211 3485 15,
1236 3415 1266 3472 in
1290 3415 1336 3485 fi.,
1354 3414 1399 3472 De
1426 3413 1488 3472 Vit.
1508 3423 1540 3472 et

895 3495 1018 3552 honest.
1043 3495 1173 3563 011111,ι
1195 3496 1231 3554 Ι).
1256 3497 1328 3564 Tu,
1352 3496 1383 3563 2,
1405 3495 1436 3566 2,
1465 3493 1536 3563 185,

257 3255 324 3338 (69)
345 3254 393 3316 uf.
418 3254 530 3325 Salm,
555 3253 603 3324 16,
627 3255 657 3328 2,
685 3256 715 3326 9,
739 3261 798 3314 ete.

259 3335 324 3416 (76)
339 3337 387 3394 Ex
402 3335 491 3394 Priv.
505 3337 572 3396 Inn.
589 3335 644 3405 IV,
661 3352 710 3412 ap.
728 3337 840 3404 Salm,

198 3417 248 3489 16,
270 3417 300 3486 3,
324 3415 375 3486 61,
399 3433 457 3491 quo
479 3417 530 3474 rel
552 3418 677 3491 propria
706 3416 842 3475 auctori·

197 3503 265 3558 tate
287 3497 362 3556 licet
385 3496 431 3555 uti
451 3496 578 3573 (Pelle,
602 3497 656 3554 To.
676 3493 704 3566 l,
728 3498 782 3554 Tr.
800 3495 839 3567 V,

198 3579 272 3652 Gap.
297 3576 383 3648 VIII,
411 3575 484 3647 1293
509 3576 621 3644 Salm,
645 3573 708 3651 62).
733 3573 842 3634 Ratio-

198 3656 308 3718 nabili.
324 3659 358 3716 ut
379 3674 449 3714 ecee
471 3658 501 3713 si
522 3658 679 3714 monialis
695 3657 740 3714 sit
752 3674 842 3713 scru-

194 3737 332 3813 pulosa,
362 3739 392 3794 si
424 3737 694 3794 circumstipante
724 3737 841 3809 [defati-

197 3826 287 3895 gato,
311 3817 360 3874 vel
380 3825 539 3892 occacpata
563 3819 599 3873 111
622 3816 760 3875 utilibus
783 3818 841 3873 mi·

199 3899 359 3964 1111111111,
371 3897 397 3954 si
420 3897 562 3972 religiosi
586 3898 695 3953 lucenti
716 3899 841 3953 sz'ntccc

200 3981 331 4074 itinere,
354 3978 405 4036 uel
425 3980 580 4034 concione
601 3976 649 4053 (S.
674 3975 839 4051 Alpheus,

198 4057 841 4216 Wfflmanaanm

198 4219 370 4278 studiorum
398 4232 492 4274 causa
518 4216 565 4294 (S.
590 4216 755 4292 Alpheus,
784 4215 839 4284 IV,

201 4297 838 4457 lffimmmmnmom

200 4460 835 4616 mmmmumwmma

257 4617 324 4698 (74)
344 4617 457 4685 Salm,
482 4615 530 4686 16,
563 4618 589 4686 l,
614 4615 644 4674 6.
668 4613 839 4690 Empeditt,

200 4701 267 4760 ideo
292 4703 322 4758 si
342 4701 413 4757 siut
434 4699 577 4774 lepitt'me
597 4697 758 4774 occupati,
782 4713 840 4754 nec

895 3575 924 3634 8.
949 3575 1090 3634 Promoti
1111 3575 1148 3632 ad
1171 3575 1405 3634 Cardinalatum
1429 3575 1535 3632 eodem

896 3654 962 3712 iure
997 3661 1161 3712 censentur
1190 3653 1310 3732 (Suae,
1341 3654 1388 3713 De
1417 3654 1540 3728 Relz'p„

895 3736 949 3795 To.
961 3733 1015 3802 Il',
1025 3735 1078 3794 Tr.
1096 3733 1180 3803 VIII,
1196 3735 1264 3793 Lib.
1276 3733 1332 3803 III,
1346 3735 1418 3808 Gap.
1433 3733 1481 3802 18,
1492 3733 1534 3810 4).

953 3815 1019 3892 (76)
1041 3813 1073 3874 S.
1098 3815 1131 3874 C.
1156 3815 1237 3884 o.,7
1258 3815 1330 3874 Dec.
1356 3813 1444 3873 1639.
1460 3813 1534 3872 Sive

894 3897 1040 3962 testatas,
1057 3895 1123 3953 slve
1145 3895 1313 3954 intestatae
1329 3891 1415 3971 (Rot.
1434 3895 1538 3962 Rom,

895 3991 944 4050 ap.
964 3975 1362 4050 l<¹erra1·.,v.EpiscopoS,
1385 3971 1454 4041 VII,
1475 3973 1535 4049 13).

895 4055 956 4112 Eas
977 4071 1096 4128 quoque
1125 4055 1234 4128 quibus
1260 4052 1537 4112 renunciaverant:

895 4151 1003 4273 6111
1024 4133 1535 4288 11116116311111318·..ξ’

895 4292 1006 4362 Bouix,
1030 4293 1077 4352 De
1098 4291 1171 4350 Iun.
1195 4293 1289 4368 Κεφ,
1310 4295 1365 4352 To.
1383 4290 1424 4361 II,
1446 4291 1483 4352 P.
1496 4293 1538 4363 V,

895 4379 971 4432 sect.
1007 4373 1034 4442 l,
1058 4374 1131 4448 Gap.
1165 4371 1251 4442 VIII,
1274 4391 1304 4447 q.
1334 4372 1538 4444 73Acta,1,

894 4453 970 4523 2273
995 4455 1033 4511 V.
1058 4455 1133 4512 Par.
1158 4451 1211 4522 11.,
1235 4455 1253 4528 ἓ
1276 4453 1345 4522 335,
1370 4471 1398 4512 n.
1426 4453 1487 4530 16).

954 4533 1021 4614 (77)
1043 4534 1077 4592 Ο.
1095 4552 1159 4604 un.,
1180 4536 1252 4594 Cau.
1270 4533 1318 4602 18,
1343 4533 1379 4602 1;
1403 4535 1440 4592 D.
1464 4533 1538 4602 Tb,

897 4617 917 4675 l.
942 4633 968 4675 e.
993 4615 1034 4674 Et
1065 4616 1169 4672 omnia
1200 4631 1324 4690 prorsus
1355 4612 1467 4693 (Lugo,
1491 4613 1538 4671 De

894 4694 992 4764 Inst,
1012 4693 1070 4764 III,
1092 4693 1178 4776 232).
1195 4694 1339 4772 Episcopi
1360 4699 1463 4754 autem
1484 4693 1536 4752 Ti-
