3536 5124
354 261 526 308 aceruum.
553 263 629 307 aar.
658 261 679 308 r.
707 261 747 306 os
770 260 990 308 cosrnssanns
1016 259 1217 306 nacocamuu
1241 261 1310 306 arc.
1421 239 1501 306 ’517

165 364 278 435 offerri
295 363 424 434 debent
442 362 564 432 saltem
588 361 641 433 bis
663 369 724 432 aut
746 368 801 432 ter
824 363 861 430 in
885 383 978 432 anno
997 362 1080 452 (15),
1107 361 1170 430 etsi
1195 381 1266 430 non
1291 361 1499 450 petentibus:

165 471 251 542 etsi
275 458 481 561 EpiscopuS,
516 472 571 539 rel
597 469 771 539 Praelatus
802 468 968 558 regulariS
998 489 1056 538 eos
1086 472 1135 537 cis
1162 477 1225 538 aul
1254 477 1307 536 ter
1336 472 1373 534 m
1404 487 1502 536 curm

163 578 335 666 deputare
357 577 566 666 neglexerit,
600 575 757 666 Episcopi
789 575 998 666 negligentia
1022 596 1041 644 a
1068 573 1188 644 Maiori
1218 575 1500 662 Poenitentiario,

165 684 311 754 Praelati
327 683 371 752 ab
387 682 553 772 Episcopo
567 703 633 772 pro
655 687 712 752 sui
734 684 881 752 arbitrio
896 693 936 759 ,el
959 685 1170 750 cocscr'emia
1186 681 1400 771 supplebitur
1418 683 1500 770 (16).

165 791 333 881 amplius,
362 791 390 860 si
416 792 592 861 Praelatus
622 792 788 882 regularis
819 812 890 860 non
915 789 1037 860 offerat
1066 790 1188 858 saltem
1220 790 1327 859 semel
1350 789 1387 858 in
1410 810 1503 859 anno

161 897 413 968 confessarium
444 899 637 986 regularem
668 897 810 971 alterius
832 896 989 980 OrdiniS,
1016 897 1072 966 vel
1096 897 1330 981 saecularem,
1360 919 1400 969 ea
1425 896 1503 967 rice

165 1002 260 1092 eligit
288 1003 475 1094 Episcopus
498 1005 796 1095 quemmaluerit
819 1003 900 1091 (17).
927 1002 1210 1072 Extraordinario
1240 1009 1357 1072 autem
1382 1003 1503 1074 sistere

166 1129 202 1178 se
226 1129 347 1179 ornnes
369 1110 498 1179 debant
520 1112 736 1196 successive,
769 1130 830 1180 seu
856 1109 968 1180 velint
992 1109 1171 1194 confiteri,
1196 1130 1255 1179 seu
1281 1111 1394 1180 nolint
1419 1113 1501 1200 (18).

164 1219 249 1285 Toto
272 1222 391 1285 autem
414 1237 452 1283 ec
475 1225 627 1305 ternpore
650 1238 716 1306 quo
740 1218 850 1286 ducac
876 1217 1054 1304 deputatio
1084 1217 1385 1302 extraordinarii,
1421 1238 1501 1287 con-

164 1322 274 1391 lessor
296 1321 491 1392 ordinarius
514 1323 715 1412 prohibetur
739 1327 975 1392 mluc'slem'um
998 1343 1102 1390 suum
1126 1343 1285 1390 exercerc
1308 1332 1340 1390 el
1363 1323 1411 1392 ad
1434 1344 1502 1392 mo·

165 1432 362 1498 casterium
387 1430 549 1498 accedere
575 1432 657 1518 (19).

224 1535 300 1604 575.
329 1535 378 1604 dd
401 1535 487 1606 haec
509 1537 612 1606 datur
635 1557 887 1627 nonnunquam
911 1535 1017 1606 etiam
1041 1535 1184 1624 singulis
1208 1533 1390 1625 peculiaris
1421 1555 1502 1606 con·

164 1651 339 1739 fessarius,
358 1652 432 1722 sive
449 1652 681 1740 habitualiter,
700 1653 727 1722 si
751 1651 925 1722 ordinario
949 1650 1107 1720 confiteri
1131 1652 1312 1741 obfirmate
1328 1660 1501 1734 recusem&

165 1759 240 1826 sive
263 1759 457 1850 aliquoties,
471 1765 595 1850 utputa
611 1760 648 1828 in
665 1758 761 1848 gravi
779 1757 995 1843 infirmitate,
1015 1758 1070 1828 vel
1085 1779 1151 1846 pro
1167 1762 1299 1826 maiori
1313 1763 1430 1829 ocimi
1443 1763 1501 1828 sui

164 1868 285 1954 quiete,
311 1867 364 1934 uel
388 1867 611 1934 ulteriorem
635 1870 708 1934 cicc
734 1869 795 1934 Dei
816 1885 1005 1954 propressu
1031 1867 1112 1952 (20).
1141 1863 1285 1934 Praelati
1310 1871 1428 1934 autem
1450 1887 1500 1934 re·

165 1971 292 2060 gularis
316 1981 380 2059 est,
409 1973 581 2063 exemptis
603 1993 684 2042 eum
709 1973 880 2061 deputare
911 1971 1003 2041 inter
1023 1972 1231 2062 ¹approbatos
1253 1972 1297 2042 ab
1318 1973 1502 2042 Ordinatio

164 2078 208 2148 ad
232 2079 467 2150 confessiones
490 2079 707 2165 moniaIIum,
734 2079 790 2148 vel
814 2077 895 2147 huic
915 2088 1165 2166 praesentare,
1190 2077 1219 2147 si
1243 2077 1272 2148 is
1295 2099 1398 2168 quem
1430 2099 1503 2148 mo·

105 2227 110 2244 κ
165 2185 266 2256 nialis
289 2187 377 2276 petit
400 2208 470 2257 non
494 2187 541 2256 sit
563 2209 607 2257 ex
631 2185 844 2276 approbatis,
875 2191 922 2270 et,
948 2187 976 2255 si
1002 2185 1177 2256 Praelatus
1204 2187 1375 2271 renuerit,
1408 2187 1504 2256 dabit

168 2294 364 2384 Episcopus,
382 2299 488 2364 etium
513 2295 660 2363 alterius
686 2294 841 2378 Ordines,
867 2293 920 2361 uel
942 2293 1161 2362 saecularem
1180 2293 1261 2382 (21).
1280 2291 1517 2362 Confessanis'

165 2406 284 2469 autem
307 2401 505 2471 huiusmodi
528 2399 813 2470 extraordinariis
839 2400 925 2490 (sive
948 2397 1177 2488 generalibus,
1195 2398 1269 2469 sive
1290 2399 1503 2489 particulari-

164 2506 256 2593 bus),
282 2505 494 2595 regularibus
517 2505 673 2598 inquam,
696 2513 880 2596 postquam
903 2526 1007 2574 suum
1031 2505 1181 2595 officium
1205 2505 1438 2592 impleverim,
1460 2505 1503 2574 ad
1560 2575 1564 2582 ,

164 2609 257 2680 idem
281 2612 534 2682 llonasterium
557 2614 709 2700 ulterius
729 2613 912 2696 accedere,
945 2621 1008 2681 aul
1032 2612 1138 2680 ullius
1165 2615 1306 2699 pencris
1336 2632 1502 2681 coarmar-
1545 2601 1549 2616 ’

165 2720 258 2784 cium
282 2723 382 2787 lutra
405 2721 519 2806 ipsum
544 2719 867 2807 quomodocumque
883 2721 1093 2786 concinuere
1116 2726 1148 2785 cl
1170 2717 1298 2804 lovere,
1313 2721 1419 2786 eliam
1435 2722 1502 2806 spi·

89 2835 91 2839 ·
164 2823 307 2892 clluclc‘s
330 2843 458 2894 causac
481 2834 545 2894 aul
568 2829 780 2894 necessitatis
802 2826 941 2893 obtectu
964 2833 1028 2895 aul
1050 2825 1178 2909 colace,
1207 2822 1271 2892 sub
1293 2822 1414 2912 poenis
1444 2822 1502 2892 ad-

165 2949 288 2998 versus
311 2932 484 3019 regulares
510 2951 591 3000 curn
620 2931 828 3001 monialibus
858 2917 1132 3023 colloquentibus
1162 2929 1379 3016 constitutae,
1413 2931 1501 3000 veti-

164 3040 240 3106 tum
265 3042 319 3106 est
344 3039 424 3126 (22).

223 3143 299 3212 571.
326 3149 420 3227 Quae
443 3149 562 3214 autem
585 3145 628 3215 de
651 3143 859 3216 monialibus
881 3141 1070 3214 constituta
1094 3151 1195 3230 sunt,
1221 3145 1346 3214 Bened.
1367 3149 1441 3214 XlV
1465 3143 1501 3212 in

224 3395 290 3479 (15)
304 3398 806 3473 Trid.,XXV,DeRep.‚10.Im·
860 3403 934 3457 siue
955 3417 1059 3457 cause
1081 3400 1178 3458 reiici
1197 3399 1299 3466 dehac·
1319 3399 1376 3457 sed
1394 3417 1504 3459 couce-

166 3497 215 3538 mo
236 3485 268 3538 el
291 3481 423 3556 saepius,
443 3481 470 3540 si
492 3481 522 3541 id
544 3479 807 3556 videbilurexpe·
861 3479 990 3546 clauda,
1018 3481 1089 3537 uisi
1112 3487 1173 3536 acet
1198 3479 1415 3554 postulantis,
1444 3486 1505 3538 aut

164 3559 233 3618 dire
253 3559 378 3637 (Bened.
396 3560 482 3634 XIV,
499 3561 553 3621 cil.
572 3561 605 3621 O.
622 3561 805 3618 Pastoralr's
860 3561 1058 3634 confessarc'c'
1071 3562 1225 3636 requisiti
1239 3560 1385 3634 qualitas
1405 3559 1503 3617 aliud

165 3655 280 3707 curae,
302 3641 321 3716 5
341 3640 383 3718 2).
409 3664 413 3677 ·
860 3641 1003 3699 suadeat
1014 3638 1090 3718 (Ia,
1105 3641 1124 3715 5
1138 3639 1183 3697 Aa
1196 3657 1281 3707 cero,
1295 3636 1336 3718 8).
1355 3639 1435 3704 Quin
1450 3639 1502 3696 bo-

223 3717 290 3798 (16)
311 3721 423 3780 Bened.
440 3721 526 3797 XIV,
553 3723 573 3778 l.
591 3738 634 3788 c.,
654 3721 673 3796 5
696 3721 804 3784 Quum
860 3721 910 3778 die
925 3721 1040 3780 dandus
1051 3724 1101 3780 est
1110 3723 1232 3796 quoties
1245 3737 1321 3778 eum
1333 3727 1454 3792 prtuut
1466 3727 1506 3776 ut

167 3816 252 3866 uero,
273 3803 302 3859 4.
860 3802 1082 3860 conscientiae
1103 3819 1185 3859 suae
1206 3799 1395 3867 cousulant,
1418 3801 1503 3874 quio

224 3878 290 3958 (17)
311 3879 470 3939 Benedici.
491 3881 577 3953 XIV,
603 3880 624 3940 l.
642 3899 683 3950 ο..
704 3881 723 3954 5
749 3879 807 3938 Vc·
860 3878 1071 3960 (Superiores)
1084 3880 1433 3956 ullomodopccitiom's
1449 3897 1503 3936 ra·

166 3979 255 4027 rum,
277 3959 324 4020 13.
861 3962 983 4019 tz‘ouem
1000 3962 1189 4036 inquiram,
1204 3967 1265 4018 aut
1277 3977 1374 4030 capre
1389 3959 1425 4017 id
1438 3962 1503 4034 fer-

223 4039 290 4120 (18)
310 4041 349 4100 V.
366 4040 468 4113 Trid,
487 4043 508 4100 l.
524 4054 567 4110 c.;
588 4041 700 4100 Bened.
718 4039 805 4111 XIV,
861 4059 897 4100 re
924 4042 1149 4100 demonstr-eut
1174 4041 1220 4118 (S.
1245 4041 1278 4100 Ο.
1303 4040 1394 4116 Epp.‚
1418 4041 1502 4100 iussu

167 4121 323 4196 l.c.,53.
439 4123 444 4130 ’
861 4123 918 4182 SS.
943 4122 979 4180 1).
1005 4121 1044 4180 N.
1068 4119 1182 4180 Leonis
1203 4119 1290 4193 XIII,
1316 4119 1353 4178 14
1375 4121 1502 4179 Decem·

224 4199 291 4280 (19)
305 4201 417 4260 Bened.
431 4200 517 4273 XIV,
535 4201 627 4260 Orac.
645 4201 738 4260 virae
753 4219 805 4258 vo·
860 4203 908 4261 br.
926 4200 1028 4278 1890).

165 4279 397 4352 cis,an.1749‚
417 4299 466 4357 ap.
483 4281 605 4352 Lucidi,
621 4280 663 4354 II,
686 4301 715 4358 p.
735 4279 804 4352 176,
920 4278 987 4358 (21)
1007 4281 1082 4340 Ben.
1099 4280 1185 4354 XIV,
1201 4277 1263 4350 Ia,
1284 4281 1448 4356 §Actum
1469 4280 1500 4351 63

165 4360 284 4436 §lauf
374 4385 378 4396 ·
861 4361 936 4420 Ben.
953 4360 1040 4434 XIV,
1057 4361 1112 4421 eit.
1130 4363 1222 4420 Orac.
1239 4361 1333 4420 virae
1355 4361 1451 4420 vocis.

224 4439 291 4519 (20)
311 4441 387 4501 Ben.
403 4439 488 4511 XIV,
508 4443 529 4500 l.
546 4459 588 4510 ο..
606 4442 646 4518 55
667 4441 697 4514 5,
719 4441 750 4513 6,
773 4443 804 4502 7.
920 4439 985 4522 (22)
1005 4441 1117 4501 Bened.
1134 4440 1220 4511 XIV,
1242 4439 1305 4510 Id„
1319 4442 1338 4516 5
1353 4441 1425 4513 ult,
1442 4439 1502 4499 Re·

165 4521 224 4580 Sed
252 4523 283 4580 in
312 4521 369 4580 hoo
396 4522 564 4597 posteriori
596 4539 668 4580 casu
699 4539 805 4580 earum
860 4521 1137 4598 pudoribus,·Ben.
1154 4521 1240 4594 XIV,
1264 4522 1319 4582 cit.
1338 4523 1429 4580 Orac.
1455 4517 1502 4577 ri·

165 4603 276 4675 petitio
299 4621 358 4660 uec
388 4610 507 4661 temere
535 4602 714 4671 exaudiri,
746 4621 805 4662 uec
861 4621 919 4662 rae
940 4603 1038 4662 vocis
