3536 5124
331 242 435 287 curor
460 243 506 288 ιιι.
533 242 698 290 corruunt
723 240 1000 316 corrassnnroaun
1024 243 1061 286 ιιι
1087 241 1315 288 rourrrrnrrun
1426 221 1486 287 tol

155 343 280 412 tiorem
304 345 430 430 lacere;
457 365 528 412 non
552 343 692 435 quidem
718 343 755 413 in
771 335 845 413 ¹alia
870 343 1098 428 confessione,
1125 342 1153 412 si
1177 343 1219 412 ad
1243 362 1279 411 se
1302 342 1415 411 denuo
1439 363 1490 410 re·

155 447 257 518 dierit
283 452 378 537 (nam
405 457 487 518 tune
511 471 556 518 ex
580 450 752 538 praesenti
778 447 889 519 officio
914 454 1053 517 tenetur
1077 455 1115 516 ut
1138 448 1252 540 quivis
1283 449 1397 534 alius),
1432 449 1490 518 sed

156 563 255 626 extra
280 557 386 644 illam;
412 578 538 646 nempe
561 557 589 626 si
613 557 720 647 possit
742 557 838 626 saluo
861 557 986 646 sipillo.
1016 555 1150 648 Utique3
1184 563 1219 626 et
1246 577 1326 625 cum
1359 556 1489 626 incom-

155 664 258 732 modo
281 663 391 754 gravi,
417 663 445 732 si
470 672 504 733 et
534 664 702 732 damnum
737 663 948 753 poenitentiS
979 671 1030 732 est
1060 683 1185 752 grave,
1220 670 1255 732 et
1284 663 1399 751 gravis
1429 683 1489 732 sua

155 767 267 858 eulpa,
294 769 460 838 alterutro
484 769 678 856 deficiente,
711 770 774 838 sub
802 769 870 836 levi
903 772 1043 836 tenetur
1062 769 1143 857 (17).
1177 769 1408 851 Quamobrem
1439 768 1482 837 vi·

154 875 310 960 deamuS,
337 881 455 946 utrum
479 875 656 960 deiecerit,
686 877 748 960 l⁰.,
775 875 868 944 cirea
893 895 932 942 ea
957 895 1045 965 quae
1061 875 1238 963 pertinent
1253 873 1296 943 ad
1313 874 1489 964 integrita-

154 983 380 1068 temiudicii,
406 1004 465 1069 an,
491 985 555 1070 ιο,
582 982 738 1052 circaea
769 1002 857 1074 quae
888 982 931 1050 ad
964 981 1173 1050 sacramenti
1204 982 1359 1050 valorem
1387 983 1498 1071 perti.

155 1097 253 1176 nent,
279 1111 337 1176 an,
364 1092 428 1175 3⁰,
454 1090 545 1158 eirea
569 1089 636 1159 alia
660 1089 777 1159 omnia
793 1109 881 1178 quae
898 1088 1090 1178 poenitenti
1108 1089 1196 1157 l‘orte
1211 1088 1377 1158 damnosa
1394 1095 1487 1158 sunt.

214 1199 290 1267 566.
318 1197 350 1266 Si
374 1197 466 1266 circa
493 1201 743 1285 inteprilulenr,
770 1196 937 1266 damnum
963 1197 1029 1264 erit
1052 1197 1169 1280 sotius,
1194 1195 1244 1263 uti
1262 1196 1309 1264 ita
1327 1196 1487 1280 dixerim,

153 1303 249 1394 legis,
275 1303 419 1394 ideoque
443 1301 619 1372 tenebitur
641 1303 669 1372 si
693 1303 796 1371 huius
819 1301 937 1372 damni
954 1323 1063 1373 cauca
1080 1323 1202 1371 revera
1219 1303 1290 1392 ipse
1306 1303 1384 1390 ruit,
1403 1303 1491 1373 idest

154 1409 183 1480 si
209 1409 448 1498 poenitentem
472 1407 641 1500 quaedam
665 1407 824 1480 conliteri
848 1409 979 1497 etipse
1010 1407 1197 1496 prohibuit,
1227 1415 1263 1476 et
1297 1408 1394 1496 gravi
1428 1429 1490 1477 sua

154 1516 253 1603 culpa
277 1513 462 1604 prohibuit.
491 1517 533 1581 nt
557 1533 641 1582 vero
664 1516 744 1604 quia
768 1515 824 1582 lex
849 1512 1051 1584 huiusmodi·
1069 1512 1268 1583 humaniter
1290 1513 1490 1602 accipienda

154 1626 207 1692 est
233 1627 264 1710 (ᾖ
283 1622 360 1705 297,
377 1642 411 1691 ιι.
434 1621 501 1706 15),
528 1641 598 1690 ιιοιι
624 1625 764 1721 tenetur
787 1640 867 1688 cum
891 1619 988 1707 gravi
1012 1641 1074 1688 suo
1097 1621 1225 1690 damno
1245 1621 1326 1709 (18),
1353 1627 1389 1688 et
1410 1620 1489 1712 quia

153 1727 219 1796 hoo
245 1727 307 1795 vix
330 1725 439 1810 abest,
466 1731 526 1796 aut
549 1747 593 1793 ne
618 1723 679 1793 vix
703 1724 843 1815 quidem
859 1727 947 1812 (19),
982 1726 1044 1794 vix
1081 1733 1132 1793 est
1166 1733 1205 1793 ut
1240 1731 1413 1796 teneatur.
1447 1731 1491 1798 nt

153 1833 307 1926 prolecto
331 1831 529 1902 nullatenus
552 1836 692 1923 tenetur
714 1832 742 1900 si
766 1853 846 1900 eum
871 1831 1045 1920 prohibuit
1066 1833 1157 1902 bona
1182 1832 1259 1918 lide,
1286 1854 1320 1903 v.
1340 1855 1386 1920 e,
1405 1836 1490 1904 lalso

152 1945 280 2029 putans
303 1940 388 2008 haec
412 1937 503 2008 levia
527 1958 601 2006 esse
620 1940 702 2027 (ab),
729 1939 785 2007 vel
808 1938 888 2030 quia
913 1939 1017 2008 nimis
1040 1941 1140 2009 foeda
1163 1947 1282 2009 erant:
1302 1961 1411 2033 eoque
1427 1941 1489 2010 mi·

154 2065 220 2114 nus
243 2044 421 2114 tenebitur
443 2046 472 2114 si
497 2064 577 2113 eum
608 2066 679 2113 non
710 2044 953 2134 interrogavit,
984 2047 1109 2137 quippe
1143 2067 1208 2115 nec
1243 2067 1353 2117 causo
1384 2048 1489 2117 fuisse

116 2167 122 2178 ·
152 2153 357 2242 intelligitur
375 2155 457 2240 (al).
485 2152 607 2222 Deficit
630 2153 721 2222 circa
746 2155 902 2221 valorem
926 2155 1149 2240 sacramenti,
1184 2156 1213 2224 si
1245 2157 1300 2223 vel
1332 2177 1402 2225 non
1432 2156 1489 2225 ab·

155 2262 260 2348 solvit
282 2261 520 2351 poenitentem
547 2263 589 2350 (e.
609 2281 656 2350 g,
674 2259 754 2351 quia
779 2259 1055 2330 iurisdictionem
1080 2283 1150 2330 non
1175 2261 1307 2346 habuit,
1334 2264 1389 2331 vel
1423 2264 1490 2332 ior·

154 2389 248 2439 mam
272 2368 498 2443 absolutionis
522 2366 702 2456 corrupit),
731 2368 787 2436 vel
804 2387 874 2436 non
891 2369 1103 2437 sullieienter
1120 2367 1310 2436 contritum
1327 2367 1487 2438 absolvit.

153 2473 238 2544 Heio
261 2475 376 2564 agitur
399 2471 566 2544 damnum
592 2472 818 2563 poenitentis,
846 2473 989 2562 proinde
1013 2475 1042 2542 si
1066 2474 1131 2543 hoe
1155 2481 1207 2544 est
1231 2495 1349 2562 grave,
1382 2475 1489 2560 idest,

152 2579 180 2650 si
205 2581 344 2679 reliquit
366 2599 447 2650 eum
471 2579 507 2648 in
532 2579 638 2664 letali,
665 2578 869 2648 debetcum
894 2579 1079 2650 certiorem
1103 2581 1218 2650 iacere
1241 2582 1305 2650 sub
1327 2581 1437 2670 gravi,
1456 2584 1492 2650 et

152 2687 259 2756 etiam
283 2707 364 2755 eum
387 2684 611 2756 incommodo
634 2685 744 2774 gravi,
771 2685 799 2754 si
822 2687 905 2754 lecit
928 2685 1026 2774 gravi
1050 2687 1149 2774 eulpa
1173 2706 1233 2754 sua
1253 2687 1333 2775 (22).
1360 2689 1489 2754 Verum

153 2793 321 2863 damnum
351 2798 404 2860 est
433 2793 525 2884 quod
556 2791 656 2862 facile
686 2799 879 2882 reparatur,
914 2795 969 2862 vel
1001 2799 1160 2882 suscepto
1189 2795 1303 2883 aliquo
1327 2793 1490 2864 rivorum

152 2905 384 2983 sacramento,
410 2897 466 2967 vel
490 2897 556 2967 alia
580 2899 810 2984 confessione,
829 2901 1056 2989 quamobrem
1073 2898 1101 2967 si
1120 2898 1302 2988 poenitens
1317 2903 1394 2990 post
1410 2919 1490 2969 con-

150 3003 350 3089 fessionem,
377 3025 411 3072 u.
430 3024 477 3088 c.,
504 3005 558 3072 SS.
580 3002 831 3084 Eucharistiam
848 3004 995 3093 accepit,
1014 3005 1071 3073 vel
1086 3005 1213 3073 iterum
1230 3007 1407 3074 consessus
1423 3011 1487 3092 est,

153 3116 214 3178 aut
236 3109 335 3178 breui
357 3109 403 3178 sit
426 3110 659 3193 confessurus,
686 3114 826 3178 tenetur
848 3109 914 3177 sub
936 3109 1007 3178 levi
1027 3111 1109 3198 (25).

214 3217 290 3285 566.
318 3221 437 3284 Restat
460 3222 499 3282 ut
523 3213 703 3284 videamus
726 3215 808 3306 quid
832 3215 917 3284 iuris
939 3215 996 3300 sit,
1015 3216 1043 3285 si
1060 3216 1290 3286 confessarius
1306 3216 1417 3286 deluit
1437 3217 1486 3285 ol·

151 3323 230 3394 ficio
255 3343 317 3392 suo
340 3323 431 3414 quod
454 3323 503 3392 ud
526 3322 602 3392 aliu
625 3343 706 3392 cum
730 3323 827 3412 gravi
851 3324 979 3392 damno
1010 3323 1231 3413 poenitentis.
1267 3331 1309 3394 nt
1335 3323 1364 3394 si
1392 3324 1489 3414 spiri·

150 3432 251 3500 tuale.
268 3437 321 3500 est
343 3431 524 3514 damnum,
550 3436 691 3500 tenetur
706 3449 751 3499 ex
768 3429 899 3499 iustitia
915 3451 998 3498 eum
1015 3431 1215 3517 admonere,
1234 3436 1356 3520 utputa
1372 3431 1401 3501 si
1418 3454 1489 3503 non

211 3707 277 3786 (17)
298 3709 396 3784 nugo,
419 3708 522 3779 XXII,
546 3707 601 3780 593
626 3708 658 3767 S.
683 3709 791 3784 Alph,
846 3710 877 3780 9,
900 3709 949 3770 49.
974 3711 1033 3770 Sed
1063 3712 1207 3786 numquid
1236 3728 1295 3769 non
1321 3719 1369 3770 est
1397 3729 1490 3770 causa

153 3790 174 3848 l.
189 3807 215 3848 e.
240 3789 305 3848 Nee
326 3791 443 3848 adrem
459 3787 793 3864 pertinetquodforce
849 3789 1028 3865 nepetino?
1054 3790 1194 3860 Minime,
1225 3791 1297 3864 quia
1324 3790 1489 3850 consessio·

150 3869 193 3928 sib
215 3869 365 3944 parochus
387 3868 594 3945 poenitentis:
623 3868 695 3942 quia
725 3868 794 3926 heic
847 3888 916 3928 nem
939 3872 1095 3945 integram
1117 3869 1232 3941 facere,
1255 3888 1314 3928 uon
1336 3870 1489 3929 contessa-

149 3948 252 4006 omnia
279 3948 443 4008 aestimari
473 3949 584 4007 debent
615 3965 654 4007 ex
685 3947 794 4007 officiis
847 3951 901 4020 rii,
924 3952 975 4009 sed
998 3951 1186 4026 poenitentis
1207 3968 1273 4008 eum
1296 3950 1408 4025 primis
1428 3951 1489 4008 offi-

149 4026 345 4099 eoniessarii,
369 4027 530 4086 nonenim
561 4027 714 4104 parochus
743 4028 794 4086 de·
848 4030 929 4089 cium
951 4035 999 4088 est
1019 4029 1129 4108 (hugo,
1154 4033 1209 4089 eit.
1234 4048 1263 4088 n.
1287 4026 1345 4099 '753
1377 4031 1409 4090 S.
1434 4031 1489 4090 Al·

148 4109 202 4166 bet
222 4124 347 4183 pascere
376 4113 407 4167 et
439 4109 610 4184 gubernare
641 4107 792 4168 subditum
848 4110 953 4185 phun,
977 4109 1032 4178 ul,
1054 4107 1138 4188 620).

149 4205 189 4246 ex
211 4186 325 4246 notitia
346 4186 560 4248 confessionis.
920 4188 960 4247 22
994 4189 1026 4247 S.
1051 4189 1158 4263 Alph,
1182 4187 1239 4259 VI,
1261 4189 1332 4250 610.

208 4265 273 4344 (18)
294 4268 391 4344 Lugo,
416 4266 519 4339 XXII,
541 4267 600 4340 73;
625 4268 657 4326 S.
681 4267 790 4343 Alph,
906 4189 960 4349 123
982 4269 1079 4343 Lago,
1089 4267 1192 4340 XXII,
1203 4267 1252 4340 56,
1261 4269 1311 4342 58,
1321 4269 1371 4341 59;
1389 4269 1421 4328 S.
1434 4269 1490 4330 Al·

147 4345 204 4418 VI,
227 4345 298 4406 620.
847 4347 957 4428 (ιιοιι.)
988 4347 1058 4408 619.
1090 4349 1169 4414 Quin
1202 4349 1335 4420 Suarez,
1369 4357 1401 4409 et
1426 4349 1490 4408 alii

210 4424 492 4504 (19)Lug0,n.77;
510 4428 542 4487 S.
557 4426 665 4504 Alph,
680 4425 791 4488 usto.
849 4429 915 4486 oiri
944 4431 1120 4504 sapientes,
1148 4437 1180 4488 et
1201 4431 1380 4504 prudentes
1411 4431 1489 4498 PT„

209 4505 275 4586 (20)
295 4508 327 4566 S.
352 4507 459 4584 Alpa,
482 4507 538 4578 VI,
560 4506 632 4580 620,
664 4507 694 4567 in
719 4507 790 4566 fine.
847 4508 936 4568 ciunt
967 4509 1064 4568 Salm.
1098 4508 1140 4589 (6,
1166 4507 1213 4576 12,
1237 4508 1307 4589 56),
1340 4515 1490 4570 excusant

209 4586 275 4666 (21)
296 4589 393 4665 Lugo,
417 4587 521 4659 XXII,
543 4585 595 4660 753
619 4588 738 4658 Salm,
760 4587 791 4659 6,
848 4606 969 4664 semper
989 4594 1083 4649 extra
1098 4591 1210 4650 mortis
1225 4593 1406 4667 perieulum.
