3536 5124
587 783 933 900 instratus
964 785 1039 898 lt.

462 1057 515 1119 DE
546 1053 842 1132 {SANOTiSSiMA
878 1055 1171 1120 ΕῌΟΗΑΒΙΒΤΙΑ

719 1585 854 1653 CAPUT
878 1589 902 1652 1.

536 1781 575 1824 DE
610 1779 824 1825 EUGHARISTIA
850 1778 1016 1824 SECUNDUM
1044 1778 1089 1825 SE.

706 1983 939 2029 resederemus

215 2177 290 2246 582.
319 2175 533 2246 Eucharistia
557 2174 677 2264 (latine
693 2173 883 2264 gratiarum
899 2171 1003 2262 actio)
1030 2179 1097 2243 est:
1124 2175 1224 2242 Fidei
1245 2183 1386 2242 uostrue
1410 2195 1484 2266 rrip-

140 2287 305 2369 sterium,
323 2303 400 2373 quo,
418 2284 479 2351 sub
493 2282 666 2370 speciebus
686 2285 794 2368 puuis
816 2289 848 2348 et
870 2284 956 2364 uiui,
972 2299 1038 2368 per
1055 2280 1268 2349 sacerdotem
1285 2279 1386 2348 verbo
1402 2301 1483 2348 cori-

141 2395 301 2474 secrutis,
327 2394 467 2478 ipsemet
493 2389 646 2457 Christus
673 2387 839 2479 offertur,
865 2391 1064 2454 coutiuetur
1096 2395 1127 2454 et
1149 2389 1321 2455 sumitur.
1351 2385 1482 2455 Eucha-

145 2497 282 2567 ristiam
298 2497 452 2568 Christus
475 2495 641 2583 instituit,
666 2517 734 2588 qua
758 2503 860 2565 nocte
885 2495 1098 2581 tradebatur,
1124 2496 1160 2564 in
1185 2493 1238 2564 sui
1263 2494 1482 2583 memoriam

142 2625 255 2696 eaque
278 2604 332 2673 sui
355 2625 435 2694 erga
459 2625 522 2675 nos
548 2603 687 2678 amoris,
706 2603 847 2673 divitias
878 2603 975 2672 velut
1005 2603 1137 2673 effudit.
1171 2609 1244 2672 Hoc
1276 2603 1483 2692 mysterium

142 2709 306 2780 sacrificii
331 2716 367 2778 et
389 2709 599 2780 sacramenti
624 2709 697 2779 vim
722 2710 841 2779 habet:
868 2709 1028 2779 sacrificii
1051 2709 1134 2778 dum
1158 2707 1353 2796 conficitur,
1372 2729 1484 2780 sacra·
1590 2723 1593 2732 “

143 2815 258 2886 menti
275 2837 356 2886 cum
372 2817 522 2886 sumitur
540 2819 599 2906 (1).
627 2823 670 2886 Et
692 2817 728 2885 in
753 2837 794 2886 eo
817 2816 922 2890 distat
945 2837 964 2884 a
988 2815 1216 2886 sacramentis
1239 2813 1376 2901 ceteris,
1393 2815 1484 2906 quod

144 2945 219 2993 non
243 2923 409 2994 materiae
433 2945 510 3009 usu,
529 2923 585 2992 sed
603 2928 863 2993 eousccrutioue
878 2923 1074 3013 perficitur;
1100 2931 1135 2992 et
1159 2943 1230 2991 non
1254 2925 1392 2991 tantum
1409 2944 1484 3012 gra-

143 3031 246 3117 tiam,
271 3031 331 3101 sed
354 3037 389 3100 et
412 3030 524 3120 ipsum
549 3029 679 3118 gratiae
704 3033 890 3100 Auctorem
914 3035 1077 3120 praestat.
1098 3036 1279 3099 Praeterea
1295 3028 1377 3098 iliud
1393 3029 1482 3116 heic,

144 3145 186 3207 ut
208 3137 245 3206 in
269 3137 402 3224 ordine,
420 3137 567 3228 speciale
591 3144 655 3224 est,
673 3139 763 3229 quod
787 3159 979 3228 numquam
1002 3157 1153 3226 prorsus,
1180 3157 1245 3204 nec
1268 3135 1311 3204 ad
1335 3145 1484 3205 mortem

144 3244 349 3332 vitandam,
374 3245 456 3314 licet
478 3259 681 3315 consecrare
705 3245 889 3314 materiam
913 3244 1070 3332 dubiam;
1105 3263 1231 3332 nempe
1263 3247 1402 3332 propter
1428 3263 1485 3331 pe·

7 3327 8 3410 J
114 3443 117 3450 .
146 3351 295 3420 riculum
320 3350 532 3420 idololatriae
556 3351 761 3439 materialis;
788 3357 823 3422 et
846 3359 1037 3440 praeterea,
1063 3351 1091 3420 si
1115 3369 1185 3418 una
1210 3353 1347 3417 tanturn
1364 3347 1408 3416 sit
1423 3347 1484 3415 du·

7 3521 9 3542 ,
145 3457 215 3544 bia,
241 3465 380 3550 propter
404 3459 640 3548 integritatem
663 3457 834 3528 sacrificii.
864 3463 992 3528 Verum
1016 3478 1097 3527 curn
1121 3458 1207 3526 haec
1238 3454 1343 3524 fuerit
1366 3474 1483 3524 conse·

7 3599 9 3616 ·
140 3567 254 3647 crata,
279 3583 357 3631 eam
380 3561 567 3653 despicere,
585 3562 641 3630 vel
657 3560 849 3631 adorationi
872 3580 1059 3650 exponere,
1078 3564 1264 3648 utrumque
1288 3557 1341 3626 est
1363 3576 1481 3645 grave,

144 3669 207 3738 sed
230 3676 306 3758 post
329 3668 680 3753 consummationem,
697 3675 779 3738 ante
802 3667 1091 3758 purificationem,
1110 3665 1277 3734 sumenda
1294 3663 1370 3732 erit.
1390 3663 1484 3732 Idem

144 3775 231 3845 iuris
247 3783 311 3862 est,
329 3777 357 3845 si
373 3776 520 3868 dubites,
533 3795 584 3872 an
608 3774 804 3860 materiam,
830 3773 1031 3865 ceteroquin
1055 3779 1185 3861 aptam,
1212 3771 1481 3857 consecraverim

145 3903 271 3951 verum
291 3881 388 3968 haec,
406 3883 434 3952 si
458 3882 585 3951 iterum
608 3881 672 3950 sub
695 3881 894 3951 conditione
918 3881 992 3950 rite
1007 3879 1203 3951 consecrari
1220 3875 1338 3966 possit,
1356 3875 1483 3946 iterum

9 4039 13 4050 ·
143 3995 201 4058 est
223 3989 469 4060 consecranda.

207 4095 283 4164 385.
311 4095 481 4185 Amplius3
515 4096 601 4166 haec
624 4097 790 4185 mysteria
815 4097 966 4185 perfecta
990 4093 1100 4163 videri
1126 4114 1197 4163 non
1222 4097 1383 4180 possunt,
1417 4088 1484 4159 nisi

140 4201 371 4290 perfectiouis
400 4204 525 4272 ordine
555 4193 799 4291 compleantur
825 4203 884 4292 (ᾖ).
917 4207 991 4284 Quo
1022 4199 1142 4268 ordine
1173 4205 1290 4267 autem
1321 4195 1484 4287 compleri

7 4383 8 4388 ,
139 4309 306 4396 debeant,
322 4309 491 4381 Rubricae
509 4309 654 4382 Missaiis
673 4309 818 4379 Romani
842 4328 905 4379 nos
928 4307 1086 4377 edocent.
1107 4310 1235 4374 Verum
1252 4325 1296 4374 ex
1313 4304 1367 4373 his
1382 4325 1484 4396 quae-

143 4601 540 4744 VI({)17D·T¹¹·’¹H’⁷⁹'
565 4601 601 4674 5;
626 4603 658 4662 s.
676 4601 784 4679 Alpa,
844 4597 947 4760 lt32)
968 4599 1001 4660 o.
1027 4599 1074 4672 16,
1098 4601 1172 4661 cau.
1196 4600 1233 4668 r,
1260 4597 1274 4654 1
1296 4591 1404 4673 (conc.
1429 4599 1486 4655 ro-

65 4731 69 4738 ·
193 4728 201 4756 r
282 4729 289 4743 ·
856 4698 873 4739 θ
893 4725 900 4738 .
921 4726 927 4739 .
