3594 5122
168 299 170 304 ¹
267 219 335 288 282
394 241 484 287 ursan
509 241 555 286 111.
574 257 596 270 -
612 241 727 286 rnacr.
755 241 801 286 nr.
828 241 892 285 rrr.
920 240 940 284 ι.
966 240 1005 284 arr
1029 238 1140 295 aurbus
1164 237 1286 283 roaurr.
1313 236 1482 282 cossrsrnr

263 341 433 413 absolutio
457 363 476 411 a
501 343 657 411 censuris
680 341 881 411 continetur
897 340 950 410 his
965 340 1099 410 verbis:
1129 344 1201 408 ul).
1224 343 1264 407 Ν.
1284 343 1312 406 I.
1336 340 1368 406 C.
1388 347 1419 405 te
1435 338 1601 426 absolvat,

264 459 296 518 ct
318 471 380 538 epo
404 453 612 520 auctoritate
637 453 745 537 ipsius
769 457 799 518 ῖθ
823 447 958 517 absolvo
983 449 1026 516 ab
1049 449 1148 514 omni
1170 445 1310 514 vinculo
1326 447 1606 512 recommunica-

264 560 378 642 tiom's,
396 559 633 643 suspensiones
655 556 694 642 (si
718 554 901 644 poenitens
924 554 970 623 sit
987 554 1108 638 laicus,
1127 553 1192 622 boc
1208 551 1355 620 verburn'
1371 549 1553 638 omittitur)
1572 560 1604 619 et

263 665 443 734 interdicti
465 667 504 730 in
528 671 703 752 quantam
724 683 888 750 possum,
915 671 947 730 et
970 670 1008 728 tu
1031 661 1169 748 indtpes
1188 687 1217 727 n.
1244 661 1404 728 Ceterum
1435 656 1606 728 absolutio

265 769 359 838 valet
382 768 446 838 etsi
470 767 602 838 dictrrm
626 767 683 853 sit,
709 769 753 838 ab
775 771 875 836 omni
896 767 1036 836 vinculo
1060 783 1308 849 censurarum,
1324 763 1380 834 rel
1395 783 1419 832 o
1434 765 1603 830 censuris.

265 873 440 944 Absolutio
464 896 483 943 a
508 873 658 962 peccatis
681 873 751 944 bis:
789 895 850 962 epo
879 883 909 941 te
933 873 1068 942 obsolve
1092 893 1115 942 a
1136 875 1287 960 peccatis
1310 873 1378 938 tots
1402 873 1439 937 m
1464 871 1607 936 nornine

269 985 390 1051 Patris
413 991 444 1049 et
468 982 552 1049 Filii
573 990 606 1048 et
629 983 780 1068 Spiritus
804 983 937 1049 Sancti.
965 989 1084 1048 Amen.
1108 985 1154 1047 Ea
1178 977 1284 1047 verba
1308 981 1347 1045 in
1371 979 1513 1042 nomine
1537 977 1605 1043 Pu·

266 1094 330 1158 tris
353 1095 435 1174 etc,
461 1087 684 1178 proculdubio
708 1109 779 1156 non
796 1087 974 1177 pertinent
989 1087 1032 1155 ad
1049 1084 1280 1155 substantiam
1296 1079 1521 1153 absolutionis
1535 1081 1602 1168 (5),

267 1202 302 1265 et
327 1175 540 1285 probabilius‘
559 1217 624 1264 nec
647 1195 717 1280 illa,
744 1197 939 1282 operantis
963 1197 1041 1277 tuis,
1067 1191 1191 1282 quippe
1207 1213 1250 1260 ex
1269 1189 1455 1280 praemissa
1471 1187 1605 1256 contes-

263 1304 361 1373 sione
384 1303 491 1372 tacite
514 1301 833 1390 subintelliguntur,
859 1321 948 1392 quac
971 1299 1258 1370 communissima
1274 1296 1448 1368 sententia
1465 1300 1518 1363 θεῖ
1535 1296 1599 1383 (t):

264 1408 409 1500 ideoque
433 1429 481 1478 ea
497 1415 650 1494 tantum,
677 1409 810 1478 absoluo
835 1417 875 1476 te.
903 1407 991 1490 Quid
1015 1407 1043 1476 si
1069 1428 1139 1476 non
1164 1407 1299 1474 absoluo
1314 1403 1454 1488 dixeris,
1472 1401 1532 1469 sed
1547 1423 1600 1470 re-

266 1519 372 1600 mitto,
398 1515 454 1584 vcl
478 1517 634 1584 condono
657 1515 719 1583 tibi
744 1521 898 1604 peccata,
924 1513 981 1584 vel
1006 1515 1137 1582 rnuado
1162 1521 1239 1582 tea
1263 1511 1531 1601 peccatistuist
1560 1515 1601 1578 Et

261 1625 421 1710 primum
446 1627 561 1690 ratum
585 1641 659 1692 esse
684 1643 728 1691 ex
754 1619 891 1706 Mmtb,
919 1625 1005 1705 xvt,
1041 1621 1081 1688 18
1108 1620 1174 1708 (6);
1201 1629 1416 1706 postremum
1451 1617 1601 1702 irritum,

263 1725 342 1818 quia
378 1726 573 1796 sententiae
608 1726 776 1796 iudicialis
811 1727 995 1816 praesefert
1022 1725 1109 1794 nibil
1136 1727 1204 1814 (6):
1237 1733 1424 1815 utrumque
1448 1725 1510 1792 vix
1534 1743 1603 1791 non

264 1831 349 1900 certi
385 1831 468 1902 iuris
503 1839 566 1902 est.
601 1837 756 1902 Alterum
781 1833 939 1903 nonnulli
964 1834 1080 1902 valere
1104 1837 1229 1922 putant
1247 1833 1307 1918 (7),
1332 1831 1392 1899 scd
1415 1851 1539 1899 vereor
1561 1850 1605 1898 ne

268 1958 391 2006 rerum
409 1937 471 2026 sit,
489 1937 620 2008 etenim
638 1941 835 2010 condonare
853 1939 963 2028 magis
978 1937 1157 2007 creditoris
1172 1943 1315 2026 accepto
1331 1935 1486 2019 terentis,
1500 1955 1604 2026 quarn

267 2043 390 2114 iudicis
414 2043 626 2114 absolventis
648 2067 723 2116 esse
747 2047 897 2116 videtur.
924 2047 1015 2130 Quiri
1039 2053 1185 2136 utraque
1212 2045 1404 2132 (absolutio)
1424 2044 1518 2112 valet
1533 2063 1603 2112 una

265 2149 367 2219 simul
391 2150 470 2220 data
496 2151 605 2222 tribus
628 2153 682 2222 bis
705 2153 820 2222 verbiS
835 2193 856 2204 -
872 2175 933 2241 epo
958 2163 988 2221 te
1013 2153 1183 2222 absolvo-
1201 2153 1255 2220 rel
1280 2153 1346 2221 boc
1370 2172 1439 2220 uno
1456 2189 1477 2200 -
1493 2151 1600 2220 obsol-

263 2261 356 2327 ucris
372 2298 392 2308 -
408 2259 479 2344 sed,
505 2260 570 2330 nisi
596 2262 786 2350 periculum
811 2261 857 2331 sit
872 2262 907 2330 in
926 2282 1034 2346 mora,
1053 2259 1122 2330 levi
1139 2281 1209 2330 non
1227 2267 1322 2332 caret
1341 2261 1401 2348 (8),
1418 2259 1498 2350 quia
1513 2279 1603 2329 seor-

267 2384 345 2433 sum
369 2367 502 2436 dandae
527 2374 620 2436 sunt.
649 2373 689 2436 ut
712 2369 863 2458 primum
879 2389 898 2436 a
916 2367 1070 2437 censuris
1086 2366 1159 2435 dari
1175 2366 1288 2450 debet,
1306 2371 1380 2436 tum
1398 2387 1416 2434 a
1431 2367 1600 2456 peccans,

267 2477 302 2540 et
326 2471 391 2540 boc
423 2478 476 2542 cst
511 2494 616 2563 grave
644 2476 709 2564 (9):
743 2473 968 2544 nibilominus
1000 2473 1027 2543 si
1053 2473 1234 2563 poenitens
1257 2473 1413 2542 censuris
1436 2472 1602 2558 irretitus

266 2577 371 2646 luerit
394 2577 583 2664 absolutus,
610 2579 696 2648 citra
721 2599 820 2648 suam
845 2579 994 2668 culpam,
1022 2579 1116 2669 prius
1132 2599 1151 2648 a
1170 2577 1333 2668 pcccatis,
1352 2585 1505 2669 postea-a
1523 2600 1603 2648 cen-

267 2683 369 2766 suris,
395 2685 450 2752 rel
474 2704 494 2752 a
517 2685 667 2774 peccatis
690 2691 841 2770 tantum,
868 2687 963 2754 valet
986 2685 1154 2754 absolutio
1181 2687 1297 2773 (Prot,
1324 2693 1342 2766 ἓ
1367 2685 1422 2770 87,
1448 2705 1484 2753 n.
1514 2685 1557 2770 l).

323 2789 399 2858 527.
429 2796 607 2860 Praeterea
632 2798 714 2861 sunt
736 2791 905 2883 quaedam
923 2791 1084 2882 specialia
1100 2793 1214 2882 quoad
1230 2791 1482 2860 absolutionem
1495 2813 1515 2860 a
1527 2811 1604 2881 pec-

263 2893 368 2964 catis:
407 2895 514 2981 baec,
539 2897 619 2987 quia
643 2903 679 2966 et
702 2897 895 2967 sententiae
920 2904 956 2968 et
980 2899 1111 2966 formae
1140 2898 1213 2966 vim
1237 2897 1353 2980 babet,
1378 2899 1437 2982 l⁰.,
1463 2903 1605 2988 quaest

263 3001 450 3086 sententia,
476 3023 615 3072 necesse
643 3011 696 3073 est
718 3011 758 3073 ut
780 3005 1029 3088 confessarius,
1056 3011 1140 3072 tunc
1163 3023 1243 3072 cum
1268 3024 1344 3073 eam
1368 3004 1443 3089 dat,
1469 3025 1602 3090 eorum,

265 3127 354 3197 quae
378 3108 560 3197 poenitens
583 3112 762 3180 confessus
785 3119 837 3180 cst
861 3118 896 3180 et
919 3116 993 3180 tour
1018 3110 1179 3180 notitiam
1207 3109 1408 3179 distinctam
1433 3109 1603 3194 babuerit,

265 3221 302 3283 et
325 3235 422 3284 nunc
446 3217 651 3286 memoriam
676 3217 827 3308 aliquam
852 3217 975 3287 saltem
999 3218 1183 3285 contusam
1203 3216 1364 3300 retineat,
1379 3215 1435 3284 vel
1452 3221 1605 3285 resumat
1707 3229 1710 3235 “

261 3321 289 3391 si
308 3324 403 3392 'forte
427 3345 498 3393 non
525 3324 652 3394 retinet
672 3331 720 3414 (v.
740 3346 786 3410 θ,
812 3324 892 3416 quia
917 3321 1170 3394 contessionem
1196 3321 1266 3391 iarn
1291 3322 1423 3412 pridem
1440 3319 1601 3407 audivit),

261 3428 347 3498 alias
359 3427 419 3497 vix
436 3449 506 3498 non
524 3427 700 3518 incognita
717 3450 820 3500 causa
838 3429 1049 3500 sententiam
1068 3432 1156 3498 terre
1171 3429 1437 3516 rideretur(lll).
1459 3431 1516 3497 ll⁰.
1529 3433 1602 3510 Qua

327 3699 372 3780 (3)
394 3701 495 3778 Lago,
522 3699 609 3772 XIII,
624 3699 688 3771 ,123
721 3700 828 3770 Groix,
852 3700 907 3772 VI,
964 3699 1047 3758 clrco
1068 3701 1327 3776 pronunciandum
1349 3711 1398 3762 est
1418 3703 1465 3782 (S.
1489 3705 1528 3763 R.
1553 3705 1601 3775 0.,

261 3781 310 3853 ΙΙ,
343 3783 413 3842 620.
447 3783 560 3855 anue
585 3780 732 3839 omittere
759 3784 808 3839 cst
839 3780 909 3838 leve
965 3779 1000 3836 ll
1023 3779 1120 3838 Mart.
1146 3781 1245 3858 1887).

262 3861 308 3940 (S.
334 3861 442 3938 Alpb.,
466 3861 521 3930 VI,
546 3859 615 3930 430,
640 3862 669 3918 d.
693 3859 736 3937 3).
1022 3857 1068 4016 (5)
1088 3859 1185 3938 hugo,
1210 3860 1297 3932 XIII,
1323 3862 1390 3923 141.

323 3940 370 4018 (4)
391 3943 439 4001 Ex
462 3943 497 4002 I).
516 3939 906 4013 rb.‚111‚84‚3;Suar.,
1021 3939 1053 4016 (6
1089 3940 1193 4012 Suam,
1219 3941 1267 4013 19,
1292 3941 1320 4014 I,
1343 3943 1401 4014 243
1425 3943 1532 4014 Oroix,
1547 3945 1600 4015 VI,

264 4020 313 4092 19,
339 4021 366 4091 1,
390 4021 449 4092 213
473 4022 571 4098 Lugo,
584 4020 655 4091 XII,
676 4019 730 4090 173
748 4021 779 4079 S.
797 4019 905 4096 Alph.,
963 4017 1004 4086 II,
1028 4019 1098 4078 638.

260 4101 316 4172 VI,
331 4103 400 4172 430,
412 4103 441 4160 d.
453 4101 482 4160 2.
501 4101 715 4162 Nihilominus
729 4101 801 4175 quia
815 4099 908 4158 multi
1022 4097 1068 4175 (7)
1091 4103 1226 4173 Bonae,
1257 4103 1293 4168 Q.
1317 4104 1354 4172 V,
1386 4103 1423 4162 P.
1450 4104 1541 4174 2,1n.
1565 4103 1602 4174 3;

261 4181 347 4240 aliud
370 4185 482 4257 putant
503 4181 624 4260 (Gron,
647 4178 735 4256 633),
759 4197 795 4238 ea
817 4180 907 4238 omit·
961 4181 1060 4254 LugO,
1088 4182 1108 4240 l.
1131 4201 1158 4240 c.

260 4265 329 4320 tera
351 4266 523 4337 grassem,
540 4267 572 4320 θῖ
587 4261 817 4319 dehocommes
832 4278 905 4318 con·
1020 4257 1066 4336 (8)
1088 4263 1120 4320 S.
1147 4263 1253 4338 Alph„
1276 4263 1331 4334 Vl,
1354 4263 1426 4332 436,
1449 4264 1478 4322 d.
1502 4267 1531 4322 4.

263 4343 409 4398 veniunt
428 4339 474 4418 (S.
497 4342 606 4416 Alpb.‚
630 4341 674 4398 H.
690 4341 744 4409 A„
760 4339 843 4412 XVI,
862 4337 903 4418 5).
1033 4339 1066 4419 9)
1088 4343 1120 4401 S.
1145 4342 1254 4418 Alpb.,
1280 4343 1301 4400 l.
1325 4361 1352 4402 c.

261 4421 397 4480 Verbum
420 4425 524 4480 autam
547 4421 624 4480 illud
640 4421 819 4489 cernuam
835 4439 906 4479 neu·
1037 4420 1086 4502 10)
1108 4425 1204 4498 Lugo,
1222 4420 1307 4494 XVI,
1324 4423 1396 4494 638,
1413 4417 1488 4493 639'3
1503 4423 1535 4483 S.
1550 4424 1603 4483 Al-

260 4500 606 4572 transcursionem,
638 4501 689 4559 sed
711 4502 748 4559 ad
770 4501 905 4559 alteram
959 4501 1065 4576 phou„
1091 4504 1151 4574 VI,
1175 4503 1244 4563 502.
1269 4503 1378 4578 Itaque
1400 4505 1426 4564 si
1448 4505 1604 4563 sacerdoti

261 4581 299 4638 ab
321 4580 424 4640 altera
445 4582 661 4639 secernendam
683 4580 838 4656 pertinet,
862 4581 905 4638 id·
960 4597 1019 4638 non
1050 4585 1180 4660 subeunt
1210 4583 1333 4660 singula
1361 4587 1489 4660 peccata
1509 4583 1602 4661 (quod
