3536 5124
507 227 583 272 anr.
609 227 631 271 r.
659 226 698 271 oe
721 225 836 272 sicum
861 223 1107 272 secuturarum
1411 202 1476 271 305
1601 217 1606 284 ζ

139 331 349 397 existimatio
375 332 427 397 ret
449 332 632 398 veritatem
656 349 729 396 noo
754 337 879 413 irrotat,
906 349 978 398 non
1002 327 1114 397 oritur
1130 350 1173 398 ex
1191 329 1407 398 consessione
1425 350 1476 399 sa·

139 433 344 502 crementeli
368 432 482 524 specie
507 439 621 521 tenus;
647 454 708 503 seu
733 433 811 502 talis
835 431 1058 502 existimetur
1090 434 1253 524 opinione
1284 435 1476 504 circumad-

140 539 323 626 stantium,
348 539 441 632 quod
464 561 568 609 nemo
592 538 728 608 dubitat
747 539 807 628 (5);
825 558 887 607 seu
902 559 1019 610 errore
1038 538 1146 630 ipsius
1161 539 1385 629 poenitentis,
1401 539 1477 610 sive

142 645 179 715 in
203 645 291 732 iure,
310 647 384 716 sive
408 645 445 714 in
468 647 561 716 lacto
586 645 755 716 erraverit
775 647 835 734 (6),
861 665 962 735 quae,
990 645 1053 714 etsi
1079 667 1149 715 non
1167 647 1398 733 communior,
1418 667 1477 715 ve·

142 751 212 822 rior
235 760 368 837 tamen,
394 774 439 824 ex
463 752 574 842 rigore
599 751 696 837 iuris,
722 753 897 822 sententia
920 772 994 822 esse
1019 753 1158 822 videtur
1176 756 1236 842 (7).

210 862 287 931 568.
314 860 445 930 Nititur
467 867 585 929 autem
610 859 696 929 haec
719 859 882 949 obligatio
906 867 980 928 tum
1006 859 1149 945 iustitia,
1174 860 1255 952 quia
1279 867 1332 930 est
1347 861 1478 950 species

141 967 265 1036 secreti
282 960 457 1036 commissi
474 969 562 1054 (Par.
583 971 640 1052 ll.,
660 975 679 1048 5
698 968 776 1052 169,
796 987 831 1036 n.
850 968 899 1054 d);
919 973 994 1036 tum
1011 967 1188 1056 religione,
1207 968 1332 1059 quippe
1348 989 1389 1038 eo
1405 988 1478 1057 spe-

19 1113 22 1118 ·
141 1081 226 1158 ctat,
252 1094 296 1142 ne
321 1073 492 1143 confessio
516 1074 577 1144 661
600 1072 847 1143 confitentibus
872 1074 1000 1162 odiosa,
1026 1091 1114 1166 quae
1138 1075 1241 1144 huius
1255 1075 1373 1144 arcani
1392 1073 1479 1144 ratio

142 1179 319 1272 potissima
344 1189 397 1250 est
415 1181 474 1269 (8).
505 1187 544 1250 Et
568 1202 612 1250 ex
637 1181 702 1250 hoc
725 1181 840 1271 capite
865 1181 901 1250 in
925 1182 1058 1251 duobus
1081 1182 1221 1252 distata
1238 1189 1370 1251 secreto
1386 1203 1479 1254 conr-

143 1286 260 1373 611666,
286 1285 398 1376 primo
421 1287 502 1378 quia
526 1286 654 1376 obligat
677 1287 713 1356 ri
737 1307 799 1358 sua
825 1287 913 1358 citra
930 1309 1071 1358 omnem
1089 1292 1241 1377 pactum,
1260 1288 1382 1357 deinde
1398 1287 1480 1379 quia

142 1393 188 1463 ibi
203 1414 352 1486 quoque,
377 1393 435 1462 uhi
450 1395 595 1464 nullum
619 1401 672 1464 est
694 1401 868 1464 secretum
895 1395 1052 1484 (verius),
1078 1394 1273 1484 obstringit.
1310 1394 1406 1480 llixi,
1434 1416 1478 1465 ne

144 1499 313 1588 confessio
337 1507 420 1586 etc,
447 1508 482 1570 et
506 1521 576 1570 non
601 1501 739 1592 quidvis
762 1501 867 1586 aliud,
892 1501 984 1592 quod
1015 1503 1104 1570 torte
1135 1502 1317 1572 occasione
1347 1503 1481 1570 conlas-

143 1607 250 1677 sionis
274 1606 428 1676 incidere
451 1614 565 1698 potest
583 1609 643 1696 (9);
670 1609 921 1698 confitentibus,
948 1613 984 1677 et
1007 1629 1077 1678 non
1103 1608 1192 1695 aliis,
1218 1608 1298 1700 quia
1322 1607 1389 1676 illis
1403 1613 1480 1678 tan-

145 1721 222 1783 turn
246 1713 364 1783 caveri
387 1735 528 1784 necesse
552 1714 629 1798 luit,
657 1736 700 1784 ne
724 1714 986 1784 retraherentur
1009 1715 1052 1784 ab
1076 1715 1140 1785 hoc
1157 1722 1376 1784 sacramento
1396 1715 1478 1802 (16).

143 1824 272 1889 Verum
296 1841 470 1910 quaenam
494 1822 640 1890 reddant
662 1821 916 1890 conlessionem
941 1820 1108 1906 odiosam,
1133 1821 1199 1890 hoc
1214 1820 1323 1909 magis
1339 1818 1376 1888 in
1393 1819 1480 1906 iure,

145 1948 250 2018 quarn
275 1925 311 1994 in
337 1929 429 1996 lacto
452 1927 603 2016 positum
620 1934 684 2014 est;
710 1927 801 2017 quod
817 1927 923 1996 velim
940 1925 1190 1997 animadverti:
1220 1927 1364 2018 ideoque
1380 1928 1481 1997 aesti-

146 2032 234 2104 mari
259 2033 373 2119 debet,
400 2055 470 2103 non
494 2035 741 2122 stropulorr‘ter,
767 2033 856 2102 idest
880 2055 950 2103 non
975 2056 1019 2103 ex
1051 2035 1224 2123 praesenti
1255 2035 1481 2120 revelatione,

146 2141 172 2210 si
199 2143 287 2212 forte
312 2147 409 2231 grata
434 2140 490 2210 vel
514 2139 609 2209 utilis
633 2141 749 2208 lutura
772 2139 818 2208 sit
841 2140 1048 2230 poenitenti,
1075 2143 1130 2210 vel
1154 2141 1182 2210 si
1206 2163 1251 2212 ex
1281 2163 1351 2213 non
1381 2163 1479 2212 rere·
1528 2137 1529 2142 ’

145 2247 273 2318 latione
297 2246 437 2336 gravius
460 2246 628 2316 damnum
653 2245 684 2315 ei
709 2251 911 2337 sequeretur
929 2248 1011 2335 (ll);
1049 2247 1107 2316 sed
1136 2249 1363 2336 peneroliter,
1391 2249 1482 2318 idest

144 2505 208 2569 tur,
225 2517 257 2558 se
272 2500 348 2558 haec
362 2500 465 2559 dicere
480 2500 534 2558 sub
550 2499 657 2575 sigillo
672 2499 783 2578 (Lugo,
839 2496 913 2571 quia
927 2513 1017 2555 error
1043 2495 1121 2556 16611
1139 2514 1211 2568 ¹non
1245 2499 1323 2556 iuris
1352 2499 1484 2556 excusat

146 2582 201 2640 611.
226 2597 255 2636 n.
280 2576 342 2654 43).
366 2581 469 2654 quue
491 2579 592 2638 minus
613 2579 716 2638 oritur
746 2596 785 2637 ex
839 2577 961 2658 (Scan,
985 2575 1035 2648 33,
1060 2576 1091 2645 2,
1114 2577 1144 2648 33
1162 2577 1261 2653 Lugo,
1279 2577 1400 2649 XXIII,
1417 2577 1480 2656 42).

144 2677 183 2717 66
203 2677 280 2733 quae
301 2659 337 2717 lit
359 2659 544 2718 contessoris
559 2659 720 2731 illudendi,
737 2661 786 2717 de·
899 2655 945 2736 (7)
959 2658 1006 2714 Ex
1021 2659 1130 2732 ripore
1144 2660 1243 2727 ioris·
1254 2675 1325 2718 nam
1337 2657 1405 2717 sire
1420 2659 1486 2734 ipse

147 2739 280 2814 cipiendi
300 2738 442 2818 (Bonae,
466 2739 497 2796 t.
516 2747 550 2806 t.‚
572 2739 608 2798 P.
640 2738 675 2810 2,
698 2757 727 2796 n.
750 2739 785 2808 53
841 2737 1049 2814 poenitentem
1071 2739 1204 2814 decepit,
1222 2739 1290 2798 sive
1303 2737 1404 2814 decipi
1415 2755 1485 2796 eum

146 2819 259 2890 Oroix,
290 2817 351 2890 VI,
384 2818 431 2887 II,
456 2817 564 2896 1942),
588 2819 787 2894 pervertendi
841 2835 949 2893 passus
970 2823 1030 2886 est,
1054 2818 1272 2893 aequissimum
1289 2823 1349 2890 est,
1366 2819 1485 2876 conl'es·

144 2897 191 2978 (S.
216 2899 325 2974 Alph,
348 2897 402 2968 VI,
425 2897 498 2974 636)
520 2915 624 2969 causa;
655 2897 707 2955 vel
737 2901 788 2956 ob·
842 2897 919 2956 sarii
941 2896 1132 2972 obligatione
1153 2899 1256 2960 teneri
1277 2899 1359 2978 (sive
1374 2915 1413 2956 ex
1435 2900 1485 2956 de·

69 3039 73 3044 ,
147 2978 320 3052 stringendl
336 2977 444 3053 sigillo
458 2976 690 3036 sacramentali:
710 2979 787 3052 quod
842 2976 929 3048 licto,
954 2977 1022 3036 sive
1044 2978 1132 3052 qnasi
1154 2995 1192 3036 ex
1222 2975 1401 3055 contractu)
1432 2978 1485 3052 qui

146 3059 217 3116 fieri
237 3057 441 3133 intelligitur,
460 3056 497 3127 si,
515 3057 706 3116 confessione
721 3076 788 3133 per·
841 3073 896 3132 pro
919 3055 1110 3115 confessario
1132 3074 1164 3116 se
1186 3057 1281 3132 gerit.

145 3142 229 3208 acta,
252 3137 411 3213 poenitens
441 3139 477 3195 de
509 3135 701 3196 absolutione
730 3155 788 3196 non
902 3135 947 3213 (8)
969 3138 1072 3208 Suan,
1087 3137 1137 3208 33,
1156 3137 1184 3209 I,
1201 3139 1232 3210 7;
1249 3140 1347 3214 Lngo,
1363 3137 1484 3206 XXIII,

146 3223 246 3289 curet,
269 3218 321 3275 sed
342 3216 374 3274 in
395 3217 479 3275 aliud
500 3222 621 3292 tempus
641 3233 709 3275 eam
730 3216 788 3276 dil·
842 3219 872 3288 8;
897 3216 1022 3286 Molin.;
1046 3219 1175 3288 Senon,
1198 3218 1348 3290 M.,111,
1373 3218 1421 3290 16,
1445 3217 1484 3290 3;

147 3299 231 3356 ierat
251 3296 362 3377 (Lug0,
387 3315 416 3354 n.
430 3295 489 3368 46).
843 3299 969 3373 Laym„
992 3296 1079 3366 XIX,
1103 3299 1133 3358 4.
1161 3311 1167 3326 ’
1365 3355 1376 3380 Ι

206 3374 252 3456 (5)
273 3377 370 3453 Lugo,
394 3377 512 3447 XXIII,
538 3377 605 3436 177.
635 3379 678 3438 Ut
703 3382 787 3452 puta,
902 3376 948 3456 (9)
969 3377 1007 3436 V.
1033 3379 1065 3437 S.
1090 3378 1198 3455 Alph.,
1222 3377 1277 3450 VI,
1306 3378 1384 3449 641,
1413 3377 1483 3450 649,

148 3456 264 3530 siquis
286 3461 350 3516 stet
377 3458 415 3515 ad
448 3458 672 3516 confessionale
701 3458 790 3532 quasi
842 3459 913 3518 650.
939 3457 1048 3533 Itaque
1070 3457 1096 3516 si
1112 3459 1282 3534 poenitens,
1300 3476 1359 3533 quo
1374 3459 1486 3516 melius

147 3537 200 3609 qui
223 3537 399 3603 confitetur,
423 3543 454 3596 et
468 3539 628 3597 adstantes
643 3536 722 3595 lalso
737 3556 789 3614 pu·
843 3539 1057 3608 confiteretur,
1088 3539 1193 3598 Seium
1230 3537 1397 3609 consuluit,
1435 3537 1487 3596 val

146 3621 215 3674 tent
235 3634 303 3674 eum
324 3633 438 3674 revera
468 3618 692 3678 confessionem
722 3635 789 3692 per·
844 3617 1487 3697 666661666666616661166186166666-

146 3713 251 3772 agere.
275 3695 389 3753 Verum
406 3697 559 3754 cavendae
575 3697 644 3755 he'ic
659 3703 731 3755 sunt
745 3699 790 3756 ol·
843 3701 890 3759 dit
912 3706 1078 3769 secretum,
1101 3699 1152 3758 vel
1175 3700 1241 3774 ipse
1263 3700 1413 3774 scripturn
1435 3699 1487 3756 de-

1 3829 2 3850 ,
150 3775 306 3835 l'ensiones
335 3775 586 3834 existimantium
615 3777 714 3852 ipsum
743 3795 790 3835 re·
843 3780 958 3857 perdit,
982 3779 1125 3854 scriptio,
1150 3779 1327 3848 consilium,
1343 3797 1401 3836 non
1417 3795 1488 3836 con·

55 3931 62 3937 .
148 3873 225 3914 vera
246 3855 419 3914 contessum
440 3855 547 3914 fuisse.
845 3859 952 3928 lessio,
976 3859 1013 3918 fit
1034 3859 1139 3917 odiosa
1160 3860 1206 3936 (S.
1225 3859 1333 3936 Alph,
1346 3853 1429 3933 649).

1 3973 2 3980 1
208 3935 253 4013 (6)
268 3935 384 4006 Tolera,
398 3935 454 4005 ΙΙΙ,
474 3935 522 4004 16,
540 3936 715 4011 16;1’666.,
738 3953 787 4012 ap.
903 3938 970 4018 (10)
992 3941 1088 4013 Lugo,
1106 3939 1225 4008 XXIII,
1243 3939 1313 4012 138;
1330 3939 1362 3998 S.
1374 3937 1484 4014 Alph,

149 4016 182 4074 S.
206 4016 315 4092 Alpa,
338 4015 393 4087 VI,
417 4017 487 4086 647,
503 4016 533 4074 6.
551 4018 668 4077 Contra
683 4023 791 4092 putant
844 4017 899 4089 VI,
922 4018 993 4090 641,
1016 4020 1087 4081 651.
1112 4019 1203 4079 Alias
1218 4019 1305 4078 nefas
1320 4023 1403 4079 esset
1417 4035 1487 4094 poe-

148 4095 275 4171 Laym.,
299 4095 386 4164 XIV,
411 4095 459 4168 173
484 4096 598 4168 Salus„
620 4097 651 4168 6,
679 4096 728 4168 13,
753 4096 788 4167 1;
843 4100 958 4159 nitenti
981 4100 1157 4160 sollicitato
1179 4098 1230 4158 rel
1253 4116 1376 4170 correo,
1401 4097 1488 4158 solli·

149 4177 181 4236 S.
207 4176 316 4253 Alpa,
341 4177 361 4234 l.
380 4195 406 4235 c.
431 4176 498 4236 Alii
519 4178 652 4248 demum,
675 4180 702 4236 si
722 4196 791 4254 poe·
845 4181 975 4238 citantis
1005 4185 1060 4239 aut
1088 4179 1249 4255 complicis
1276 4179 1488 4238 denunciatio·

149 4258 253 4316 nitens
282 4257 314 4315 in
340 4259 408 4316 iure
436 4257 595 4316 erraverit
622 4257 667 4335 (a.
695 4275 740 4334 g.,
764 4259 791 4316 si
844 4277 913 4318 nero
936 4259 1108 4336 iniunger03
1130 4260 1182 4318 rel
1204 4260 1283 4318 hunc
1306 4276 1430 4318 monere
1451 4259 1488 4318 de

148 4337 278 4396 diacono
299 4337 456 4398 confessus
477 4337 530 4408 611,
546 4346 634 4398 ratus
648 4339 791 4396 diaconos
845 4338 974 4398 licentia
985 4337 1235 4419 poenitentis(V.
1251 4339 1358 4411 Groix,
1372 4339 1427 4409 VI,
1445 4337 1486 4410 11,

150 4434 237 4492 posse
259 4417 468 4476 confessiones
490 4417 661 4495 excipere),
686 4419 792 4486 66616·
847 4417 951 4496 losa).

151 4497 198 4556 sin
220 4497 252 4556 in
274 4497 369 4569 facto,
392 4497 481 4576 (puta
502 4497 529 4556 si
561 4497 722 4556 diaconum
744 4515 791 4556 sa·
904 4497 969 4578 (11)
991 4497 1034 4556 Ira
1052 4501 1141 4558 iure:
1157 4499 1250 4568 idest,
1267 4516 1344 4574 quae
1360 4499 1489 4558 reddant

152 4577 308 4636 cerdotem
331 4573 516 4652 putaverit),
540 4577 590 4634 lais
606 4577 789 4648 adhaerent3
845 4579 1070 4645 consessionem
1092 4579 1243 4651 odiosam,
1261 4580 1488 4638 aestimandum
