3594 5122
257 405 323 473 teri
346 404 374 472 si
402 411 438 474 u.
468 410 501 472 P.
527 401 578 472 eis
613 387 921 492 permiseritidtilz
948 401 1174 492 improprium
1209 421 1330 472 omues
1354 402 1390 470 in
1414 402 1467 471 his
1497 402 1595 470 lnsti-

259 513 345 580 tutis
367 509 424 579 ubi
450 509 483 578 id
507 509 758 579 consuetudine
782 517 835 578 est
870 509 1125 596 introductum;
1151 510 1226 578 sive
1252 495 1368 579 rerum
1401 509 1593 594 mobilium,

258 638 347 708 quae
371 622 465 686 certa
490 618 577 705 (37);
604 617 678 685 sive
707 615 948 702 immobilium,
974 635 1062 706 quac
1091 615 1206 684 verior
1235 616 1409 686 sententia
1436 615 1502 704 (58)
1530 621 1593 683 est.

259 723 325 806 Qui
359 725 536 813 proprium
572 720 745 810 peculium
781 721 897 806 babet,
924 741 994 790 uon
1030 721 1232 810 prohibetur
1265 721 1307 790 de
1331 741 1372 790 eo
1396 721 1593 810 disponere;

260 829 406 922 ideoque
429 829 558 898 nedum
583 829 709 914 valide,
727 830 818 919 quod
843 849 947 898 nemo
971 836 1086 916 negat,
1104 828 1162 898 sed
1187 835 1222 896 et
1245 827 1352 912 licite,
1369 827 1397 896 si
1417 827 1499 918 quid
1522 827 1593 917 opi·

260 957 326 1006 nor
351 937 430 1023 (59).
457 935 522 1017 Qui
559 933 799 1024 improprium,
837 955 878 1003 eo
912 927 977 1019 uti,
1003 956 1128 1024 nempe
1162 935 1205 1004 ad
1241 935 1498 1018 necessitatem,
1536 955 1596 1023 pro

569 301 659 348 trouu
683 303 717 346 II.
737 317 757 330 ⁸·
774 302 891 347 TRAGT.
919 303 953 352 u.
981 303 1044 348 TIT.
1072 302 1107 347 II.
1135 303 1175 347 DE
1200 303 1276 347 VOTO

260 1049 352 1112 statu
381 1039 606 1130 paupertatis
632 1061 703 1110 non
728 1039 816 1128 frui,
843 1041 943 1110 debet
970 1043 1057 1130 (49),
1084 1047 1119 1108 et
1143 1041 1297 1130 precario
1332 1047 1484 1126 tantum,
1510 1040 1597 1110 idest

260 1148 302 1216 ad
327 1153 451 1216 nutum
489 1146 673 1236 superioris
700 1149 784 1234 (41);
813 1147 1039 1217 nibilominus
1075 1146 1287 1237 permittitur
1321 1147 1448 1239 aliquid
1484 1169 1528 1217 ex
1555 1169 1596 1216 eo

261 1275 402 1343 erogare
427 1255 480 1352 'ob
504 1275 645 1324 causam
679 1255 874 1339 honestam,
899 1275 1002 1344 parce
1030 1275 1070 1324 ac
1098 1255 1284 1340 prudenter
1310 1257 1391 1343 (41).
1420 1253 1469 1324 dd
1498 1255 1594 1338 haec,

261 1367 297 1431 et
320 1359 348 1430 is
375 1360 431 1430 eui
462 1361 564 1429 datur
598 1359 726 1450 aliquid
754 1360 843 1430 certi
879 1381 920 1429 ac
943 1359 1077 1430 definiti
1104 1361 1213 1452 (quasi
1238 1381 1383 1450 pensum
1418 1359 1515 1444 anni,
1542 1360 1598 1428 vel

262 1470 404 1554 mensis,
431 1469 486 1536 vel
510 1467 605 1555 diei),
632 1475 671 1536 ut
694 1467 764 1537 suis
788 1467 1051 1537 necessitatibus
1074 1468 1145 1558 ipse
1171 1467 1362 1557 provideat,
1387 1467 1472 1559 quin
1496 1465 1598 1538 ratio·

261 1595 342 1642 nem
366 1573 408 1644 de
432 1595 473 1643 eo
497 1573 638 1642 reddere
673 1574 807 1657 debeat,
835 1573 1047 1662 permittitur
1081 1595 1134 1657 ea,
1159 1595 1248 1666 quae
1272 1574 1408 1663 parcius
1444 1573 1596 1642 vivendo

261 1680 324 1749 sibi
349 1701 393 1750 ex
417 1681 470 1749 bis
494 1687 639 1764 resecat,
666 1701 807 1768 erogare
834 1681 916 1767 (45).

322 1787 398 1856 aab.
426 1790 470 1856 nt
503 1786 591 1870 aliis,
616 1793 677 1854 aut
710 1787 822 1871 aliter,
861 1787 946 1855 nihil
973 1785 1149 1876 proprium
1178 1787 1303 1856 babere
1338 1789 1390 1856 ias
1427 1793 1480 1855 est
1516 1786 1595 1874 (14).

265 1895 353 1962 Sane
387 1914 475 1983 quae
511 1893 645 1981 propria
681 1891 826 1962 alicuius
860 1913 933 1962 esse
964 1901 1109 1982 possunt
1143 1895 1228 1963 baec
1261 1901 1361 1963 sunt:
1390 1891 1598 1975 dominium,

263 2021 358 2085 usuc,
385 2000 563 2090 possessio.
592 2005 666 2068 Nou
703 2001 912 2086 dominium,
939 2006 973 2070 et
1004 2001 1070 2070 boe
1104 2003 1246 2090 planum
1271 2009 1341 2072 est:
1368 2001 1444 2070 ideo
1479 2019 1599 2070 earum

263 2129 380 2196 rerum
404 2127 492 2198 quae
517 2107 559 2176 ad
583 2107 832 2178 monasterium
857 2089 1045 2195 pertinent,
1073 2107 1153 2178 licet
1175 2109 1219 2177 ab
1243 2109 1315 2199 ipso
1339 2108 1520 2199 acquisita,
1536 2128 1600 2176 nec

262 2214 338 2284 aliis
360 2213 546 2304 quidquam
582 2212 665 2282 dare
689 2219 802 2303 potest
828 2215 908 2302 (45),
935 2233 979 2282 ue
1014 2213 1184 2282 utendum
1208 2215 1359 2306 quidem,
1386 2223 1421 2283 et
1445 2233 1509 2282 uec
1533 2215 1599 2282 lra-

322 2421 387 2500 (36)
407 2425 446 2484 V.
471 2422 584 2494 Bouix,
608 2423 654 2481 De
677 2424 750 2480 Iar.
774 2424 904 2496 Requi„
958 2427 1021 2482 test
1047 2441 1132 2481 usum
1161 2423 1399 2482 irrevocabilem
1435 2425 1601 2484 concedere

262 2503 336 2562 Par.
361 2503 386 2573 1,
411 2505 495 2564 Sect.
518 2505 548 2572 3,
571 2503 645 2578 Gap.
669 2504 698 2574 3,
722 2503 813 2579 Prop.
838 2504 867 2560 3.

324 2581 442 2662 (37)Ε11
451 2586 544 2642 Brev.
554 2582 650 2644 (ilem.
662 2583 902 2654 urrumnoda

263 2670 295 2722 et
317 2664 382 2724 Iun.
407 2664 462 2734 XI,
487 2661 574 2731 1691,
598 2680 647 2738 ap.
665 2663 696 2722 S.
715 2663 823 2737 Alph.,
847 2663 902 2735 IV,

264 2743 312 2812 15,
338 2763 367 2801 v.
392 2745 471 2802 Hoc.
486 2745 527 2802 Ut
549 2761 618 2800 ecce
639 2761 730 2818 penes
752 2742 904 2804 Moniales

263 2823 313 2881 ubi
337 2827 522 2883 eommunis
546 2826 611 2880 nita
634 2822 800 2884 exsulavit.

322 2903 388 2983 (38)
410 2906 440 2974 S.
467 2903 574 2979 Alph,
602 2904 621 2960 l.
646 2923 687 2970 6.,
710 2923 740 2962 v.
758 2904 825 2967 [aa
847 2904 903 2960 Be·

263 2984 331 3042 ned.
356 2983 440 3056 XIV,
465 2983 518 3042 Br.
541 2984 691 3041 Postulat
710 2983 904 3050 burailitati,

263 3079 314 3122 au.
339 3061 426 3122 1724.
460 3065 523 3122 1166
556 3063 668 3122 liabent
699 3081 766 3122 cum
794 3061 905 3138 primis

264 3143 407 3218 religiosi
421 3141 613 3202 beneficiarii
622 3142 788 3220 (Navarr.;
801 3141 902 3210 Less.;

264 3223 367 3294 Moli,
390 3223 431 3293 II,
461 3221 545 3300 279).
573 3223 613 3280 111
645 3225 806 3298 disponere
840 3239 905 3296 pos·

262 3307 335 3361 sunt
356 3305 392 3361 de
413 3304 552 3361 omnibus
579 3303 720 3361 beneficii
752 3301 904 3360 fructibus

264 3383 301 3439 ad
328 3382 394 3458 pias
424 3400 543 3454 causas,
568 3401 609 3440 eu
642 3385 716 3441 iure
745 3383 904 3441 canonico

263 3460 324 3538 (Ex
341 3461 451 3532 Clam,
467 3463 498 3535 2,
512 3463 530 3538 §
546 3463 607 3520 Sel
624 3472 655 3522 et
669 3465 761 3530 tales,
777 3462 822 3520 De
841 3459 903 3517 Vit.

265 3550 297 3600 et
326 3544 401 3601 boa.
435 3542 565 3606 Clario:
591 3543 716 3620 barm,
741 3543 810 3613 VII,
842 3536 902 3615 17),

264 3639 323 3682 non
346 3641 432 3682 secus
454 3622 614 3697 acquiris
636 3624 716 3682 alius
745 3620 906 3680 beneficia·

263 3705 314 3761 tus
335 3701 386 3780 (V.
404 3703 555 3774 Navarr.,
573 3703 619 3762 De
633 3703 786 3766 aedicit..
808 3702 863 3768 Qu.
873 3701 903 3770 3,

265 3781 376 3842 Monit.
410 3783 458 3853 17,
482 3783 537 3854 33;
560 3785 661 3855 Lesa,
694 3783 734 3853 II,
761 3783 815 3850 IV,
840 3778 903 3856 29).

264 3863 305 3922 Et
337 3862 454 3921 iniussu
488 3864 674 3940 Superioris,
698 3861 770 3940 quia
802 3862 906 3920 116116-

265 3943 361 4000 sterio
376 3961 433 4000 non
449 3943 651 4017 acquiruntur
665 3942 726 4022 (Ex
742 3943 853 4012 Clam,
873 3941 900 4012 l,

264 4021 311 4081 Dc
334 4023 429 4080 Statu
450 4021 629 4094 1161111611.)

325 4101 391 4182 (39)
413 4105 511 4179 (11111,
541 4103 624 4176 Il,§
657 4103 725 4171 155,
758 4101 905 4160 illicitum

265 4185 365 4258 putat,
395 4184 432 4241 ob
464 4191 572 4240 cotum
599 4184 829 4259 paupertatis:
855 4181 906 4239 sed
961 4176 1014 4256 23)

265 4262 292 4320 61
323 4263 369 4323 ita
401 4269 495 4332 esset,
519 4279 616 4338 apage
647 4259 827 4338 disponendi
860 4262 907 4318 ius

265 4343 318 4420 (V.
342 4343 360 4417 ἓ
381 4341 452 4412 217,
478 4342 591 4419 156).

325 4421 391 4500 (40)
413 4423 460 4482 Ex
491 4423 590 4492 Trid,
620 4423 721 4493 XXV,
744 4421 791 4480 De
816 4422 908 4496 Ray„

266 4520 295 4560 ¹¹⁸
319 4501 392 4662 911)
414 4581 516 4654 non,
530 4581 571 4652 11,
583 4581 660 4652 aro,
674 4581 868 4653 1106161.
880 4579 905 4652 1,

266 4661 335 4722 Lib.
360 4661 400 4734 II,
425 4662 499 4737 Gap.
524 4659 579 4720 IX.
604 4664 704 4727 Quare
727 4661 754 4718 is
777 4679 835 4719 non
857 4679 908 4736 po·

958 2502 1098 2582 (haym,
1123 2505 1148 2559 V
1152 2503 1193 2574 II,
1219 2501 1280 2578 19).

998 2581 1599 2662 (42)V.Salm.,13,6,24.V.c.,inolee·

959 2660 1600 2822 statuateatallatdtl

958 2821 1104 2896 seipsum,
1118 2825 1286 2897 captandae
1301 2833 1354 2884 aut
1369 2823 1597 2884 conservandae

959 2902 1082 2975 gratia3
1108 2904 1182 2960 item
1205 2905 1464 2962 remunerationis
1486 2919 1596 2972 earisa3

958 2982 1075 3053 quade
1097 2998 1130 3040 16
1152 2982 1248 3040 etiam
1270 2983 1449 3058 plusquam
1479 2999 1602 3057 accepe-

959 3059 1034 3129 rint,
1068 3061 1143 3119 6616
1173 3069 1309 3137 possunt,
1342 3064 1394 3121 sed
1427 3081 1483 3121 non
1515 3061 1602 3119 ultra

959 3148 1105 3214 quartam
1126 3157 1232 3200 eorum
1254 3151 1374 3216 partem
1396 3141 1524 3222 (Salm,
1543 3140 1600 3209 923

961 3221 993 3279 S.
1018 3219 1126 3295 alph,
1150 3221 1204 3291 IV,
1226 3221 1291 3298 21).
1315 3223 1393 3288 Quin
1416 3223 1520 3298 plures
1551 3222 1603 3280 do·

960 3309 1040 3366 cent,
1053 3317 1104 3357 eos
1127 3317 1213 3375 posse
1234 3320 1335 3361 annua
1355 3319 1472 3376 quoque
1490 3300 1603 3359 livella

960 3380 1131 3438 condonare
1151 3379 1341 3440 debitoribus
1365 3382 1430 3440 suis
1450 3381 1502 3460 (V.
1527 3381 1602 3440 Iler·

960 3475 1038 3526 rar.‚
1072 3477 1100 3516 1.
1125 3460 1296 3530 Martialis,
1317 3461 1358 3532 ll,
1383 3459 1445 3537 13),
1475 3461 1601 3536 quippe,

960 3555 1105 3600 concessa
1120 3542 1225 3600 utendi
1239 3541 1285 3602 eis
1305 3541 1467 3610 facultate,
1485 3541 1514 3598 id
1530 3557 1602 3614 quo·

959 3635 1017 3694 que
1049 3619 1146 3679 tacite
1178 3639 1351 3679 concessum
1381 3621 1506 3680 videtur
1526 3617 1603 3698 (Na-

960 3717 1061 3768 varr„
1094 3699 1229 3768 Cousit„
1250 3701 1279 3772 3,
1303 3719 1333 3760 n.
1358 3701 1407 3771 46,
1431 3701 1477 3760 De
1508 3701 1603 3758 Statu

960 3780 1128 3846 illortuclr.,·
1156 3783 1196 3838 lle
1228 3779 1321 3850 Luca,
1349 3779 1395 3838 De
1426 3779 1603 3856 Reprttar„

963 3861 1045 3920 Disc.
1070 3859 1120 3930 56,
1144 3857 1187 3938 7).

1020 3939 1087 4018 (43)
1109 3941 1236 4009 Sanch.,
1264 3939 1316 4008 D„
1346 3940 1415 4011 VII,
1448 3937 1496 4012 19,
1528 3937 1603 4012 190)

963 4019 1074 4087 Salm.,
1089 4017 1137 4090 13,
1150 4019 1180 4090 6,
1192 4019 1242 4078 27.
1256 4022 1299 4080 Ut
1316 4037 1386 4078 ecce
1408 4021 1511 4096 dapes,
1528 4036 1604 4094 quas

961 4099 999 4156 ad
1030 4117 1166 4158 mensam
1199 4098 1313 4175 accipit
1335 4098 1382 4176 (S.
1410 4099 1519 4175 Alpa,
1547 4099 1602 4168 IV,

1021 4256 1087 4335 (44)
1109 4261 1142 4318 C.
1175 4259 1205 4330 6,
1236 4258 1283 4318 De
1308 4259 1403 4318 Statu
1435 4259 1603 4324 Mouucb„

962 4338 1063 4409 rna,
1087 4339 1189 4412 XXV,
1213 4339 1259 4398 De
1281 4339 1373 4412 Rea„
1393 4338 1423 4397 2.

1022 4417 1088 4498 (45)
1110 4419 1222 4488 Salm,
1248 4419 1295 4491 13,
1319 4421 1350 4489 o,
1373 4417 1423 4476 21.
1444 4420 1484 4478 Et
1506 4419 1532 4478 si
1554 4419 1604 4475 de-

962 4499 1077 4570 dertnt,
1102 4499 1183 4558 nibil
1204 4507 1317 4573 agunt:
1341 4505 1451 4574 utputa
1473 4498 1500 4557 si
1522 4497 1606 4556 debi-

963 4581 1082 4638 toribus
1103 4579 1167 4638 suis
1181 4585 1308 4656 accepto
1328 4577 1473 4650 tulerint,
1487 4583 1541 4638 aut
1558 4593 1606 4636 16-

963 4658 1108 4717 miserint
1129 4659 1176 4737 (S.
1201 4659 1309 4736 Alpa„
1333 4659 1389 4731 IV,
1411 4657 1474 4736 29).
