3576 5120
296 307 360 353 rir.
386 309 421 355 11.
447 309 486 354 nn
511 310 607 356 rurus.
635 311 758 358 nocuos.
776 313 888 361 -011,
909 313 931 359 1.
957 315 999 362 ux
1022 314 1104 371 0010.
1132 315 1229 363 rurus.
1256 317 1392 364 conersr.
1454 297 1520 368 las

641 561 955 664 TITULUS
983 565 1049 660 H.

540 743 606 814 De
629 745 813 816 Ieiunio
837 714 1158 818 ecclesiastico

748 1093 883 1161 CAPUT
913 1097 937 1161 Ι.

573 1241 613 1286 nx
637 1241 747 1296 oureus
770 1241 914 1288 1010011111
939 1245 1119 1294 cousrsrar.

239 1357 312 1426 150.
346 1359 518 1430 Ieiunium
553 1360 801 1432 abstinentiam
832 1362 1016 1452 significat,
1053 1372 1089 1434 et
1122 1366 1215 1436 aliud
1251 1368 1409 1437 naturale
1446 1373 1514 1452 est,

175 1458 269 1530 aliud
292 1464 576 1534 ecclesiasticum.
596 1468 759 1537 Naturale
783 1467 857 1538 eius
879 1469 1017 1555 dicitur,
1034 1469 1092 1562 qui
1116 1493 1136 1541 a
1161 1473 1274 1542 media
1299 1479 1402 1544 nocte
1427 1473 1514 1542 nihil

174 1591 314 1660 prorsus
336 1575 403 1643 eibi
424 1575 480 1644 vel
511 1585 633 1663 potus;
658 1575 930 1648 ecclesiasticum
966 1577 1039 1648 eius
1062 1579 1120 1670 qui
1138 1637 1140 1642 ,
1155 1582 1223 1648 cibi
1245 1581 1331 1650 1111111
1355 1581 1516 1652 immedi-

175 1693 256 1746 cum
279 1685 341 1747 aut
363 1679 512 1750 vetitum
544 1682 709 1771 sumpsit:
735 1683 777 1752 de
811 1705 879 1776 quo
903 1685 1014 1754 solum
1042 1685 1098 1754 hic
1124 1689 1183 1774 (1).
1210 1693 1282 1758 lloe
1304 1687 1409 1777 igitur
1431 1708 1515 1758 con-

175 1781 267 1852 sistit
289 1784 325 1852 in
348 1785 572 1872 abstinentia,
601 1789 671 1873 l⁰.,
697 1810 716 1858 a
741 1788 837 1874 cibis,
863 1797 1008 1879 excepta
1033 1791 1137 1860 unica
1161 1794 1351 1864 relectione
1382 1794 1515 1880 (latinis

117 1922 122 1930 ·
174 1893 311 1978 coena),
337 1901 383 1978 et,
411 1896 476 1982 2⁰,
501 1915 521 1965 a
545 1895 679 1965 delectu
704 1895 880 1984 ciborum;
906 1897 1030 1988 ortibus
1053 1897 1200 1982 accedit,
1225 1899 1289 1984 3⁰,
1308 1905 1403 1968 certa
1427 1901 1514 1970 rele-

174 1998 300 2070 ctionis
322 2001 418 2070 hore.
447 2001 598 2072 Primum
631 2009 684 2072 est
710 2023 788 2092 pars
810 2003 930 2072 ieiunii
955 2004 1202 2090 substantialis,
1229 2011 1264 2074 et
1299 2005 1401 2096 vulgo
1428 2004 1514 2076 ieiu·
1630 2061 1635 2072 .

70 2133 75 2146 ·
174 2109 272 2178 nium
297 2108 499 2198 simpliciter
521 2109 588 2179 dici
612 2112 719 2181 solet:
745 2111 892 2181 alterum
917 2109 1105 2202 integralis,
1131 2119 1166 2182 el
1185 2113 1387 2206 plerumque
1411 2115 1514 2182 odeli-

175 2221 319 2286 nantino
331 2217 560 2307 appellatione
580 2217 813 2306 significatum
829 2218 970 2288 tertium
988 2219 1024 2288 in
1049 2241 1140 2290 nova
1160 2219 1340 2309 disciplina
1365 2226 1417 2290 est
1441 2241 1513 2290 ma·

174 2321 224 2410 gis
247 2322 417 2413 quaedam
441 2322 664 2394 accidentalis
687 2323 949 2394 circumstantia
973 2325 1093 2394 ieiunii
1120 2328 1179 2414 (1).
1207 2332 1310 2396 Porro
1343 2325 1513 2396 ieiunium

172 2432 213 2496 io
237 2425 331 2516 foeto
354 2430 504 2518 positum
529 2436 599 2517 est;
618 2451 659 2500 ea
683 2429 788 2518 igitur
810 2452 898 2522 quae
921 2431 964 2500 ad
988 2431 1157 2502 ieiunium
1182 2431 1359 2522 pertinent
1382 2453 1429 2501 ex·
1461 2452 1512 2502 se·

173 2531 267 2623 ipsis,
293 2533 508 2622 regulariter,
534 2535 710 2605 aestimari
733 2535 873 2622 debent,
889 2559 957 2606 non
982 2559 1027 2607 ex
1050 2531 1245 2608 intentione
1270 2540 1326 2608 vel
1349 2538 1514 2626 opinione

173 2641 376 2726 ieiunantis
401 2663 488 2732 (puae
514 2641 599 2712 nihil
633 2649 774 2714 mutant
798 2645 858 2732 (5).
887 2651 955 2716 Lex
990 2649 1109 2714 autem
1136 2643 1255 2713 ieiunii
1290 2645 1419 2734 obligat
1449 2646 1515 2714 sub

173 2749 269 2840 gravi
304 2771 366 2840 per
388 2769 455 2857 sep
470 2750 695 2820 nihilominus
728 2758 900 2843 quatenus
934 2757 1051 2842 pateat
1074 2752 1159 2820 haec
1191 2753 1365 2841 odliputio,
1391 2773 1435 2822 ex
1460 2775 1513 2822 re-

173 2857 281 2948 ceptis
304 2859 470 2949 cuiusque
506 2857 655 2946 regionis
678 2857 832 2928 moribus
866 2857 1042 2927 aestimari
1069 2858 1172 2928 debet
1197 2859 1256 2947 (d).
1284 2865 1376 2928 llaec
1407 2880 1510 2948 gene—

173 2964 288 3034 ratim.

230 3139 277 3224 (l)
289 3141 317 3197 A
333 3139 444 3198 media
460 3145 551 3197 nocte
563 3139 616 3219 (V.
629 3139 726 3198 Rubr.
739 3141 814 3201 Mis·
869 3141 985 3201 ieiunio
1006 3141 1176 3202 aestimant
1204 3161 1243 3202 ex
1268 3141 1440 3203 intentione
1469 3146 1513 3206 ie-

172 3222 245 3287 sal,
268 3219 316 3280 Dc
345 3219 481 3293 Defeot„
502 3217 558 3287 IX,
588 3217 628 3294 1).
652 3221 736 3286 Quae
763 3239 815 3280 na·
870 3221 1510 3294 innantium.Hincdocent,v.e.‚l⁰.‚non

170 3301 322 3362 turaliter
341 3299 395 3379 (V.
421 3297 520 3366 Prot,
544 3298 563 3372 §
584 3298 634 3368 39,
658 3317 709 3358 nu.
730 3298 760 3367 2,
784 3301 816 3378 3)

171 3389 218 3441 est
239 3397 305 3440 com
327 3378 442 3455 utenda
463 3379 509 3456 (S.
528 3379 636 3454 Alph.,
652 3377 707 3448 VI,
730 3379 812 3458 282).

228 3459 275 3541 (2)
323 3477 397 3529 ess,
422 3459 476 3529 IV,
494 3457 535 3528 ΙΙ,
554 3459 608 3532 13;
627 3460 738 3531 Salm,
761 3460 812 3532 23,

172 3539 200 3610 1,
225 3541 279 3614 10;
303 3541 335 3602 S.
370 3539 479 3616 Alph.,
508 3538 565 3608 ΙΙΙ,
594 3539 683 3610 1016,
717 3539 812 3614 1030;

171 3621 282 3681 Bened.
307 3620 392 3690 XIV,
423 3620 524 3680 Notis.
557 3619 605 3690 15,
628 3619 677 3680 22.
709 3622 814 3681 Absti-

170 3701 308 3762 nentiaru
330 3699 440 3758 ieiunii
460 3705 582 3778 partem
605 3702 702 3762 solum
736 3701 814 3761 inte·

172 3783 289 3859 gralem
320 3798 388 3840 esse
417 3797 456 3839 ex
486 3798 522 3838 eo
550 3785 647 3856 patet,
671 3783 749 3856 quod
781 3781 814 3839 hi

170 3861 221 3938 qui
241 3881 278 3920 ea
299 3860 397 3919 solum
411 3864 557 3920 tenentur
576 3860 812 3938 (adolescentes,

169 3941 269 4019 senes)
288 3957 346 4000 non
368 3940 512 4000 dicuntur
535 3939 688 3999 ieiunare:
707 3946 749 4011 01,
774 3959 813 4000 ex

169 4022 304 4090 diverso,
326 4020 378 4096 qui
411 4021 449 4078 ab
470 4038 507 4078 00
538 4020 723 4096 dispensati,
746 4022 814 4080 uni-

6 4079 11 4118 ⁷
71 4167 73 4170 ¹
169 4117 235 4159 cam
258 4099 476 4160 comestionem
508 4105 648 4171 servant,
672 4101 813 4160 ieiunare

168 4181 321 4240 dicuntur.
345 4183 475 4240 Veteres
496 4181 560 4240 ΤΤ.
574 4180 811 4252 existimabant,

168 4259 390 4321 abstineut-iam
405 4277 522 4335 quoque
543 4279 561 4318 a
583 4262 727 4320 carnibus
746 4280 813 4322 esse

167 4345 288 4416 partem
319 4339 520 4402 essentialem
551 4341 660 4400 ieiunii
689 4342 810 4420 (Anor.;

167 4421 253 4489 Pal,
276 4419 345 4482 Lib.
369 4419 441 4490 VII,
459 4420 533 4496 Gap.
558 4419 629 4498 IX),
647 4421 741 4480 immo
763 4441 813 4497 po·

168 4501 281 4559 tionem
302 4501 430 4579 (Salm,
453 4498 503 4569 23,
521 4502 541 4560 2
563 4517 623 4578 pr„
647 4508 679 4560 01
700 4518 731 4560 0.
748 4501 810 4578 25).

225 4579 342 4660 (3)1100
351 4581 485 4657 primum
494 4581 810 4652 admonendumduxi,

167 4677 201 4719 00
222 4663 299 4735 qood
322 4659 446 4736 quidam
468 4677 507 4719 ex
518 4661 645 4720 Nostris
665 4661 764 4720 multa
780 4661 811 4719 in

869 3305 969 3361 teneri
998 3301 1112 3360 ieiunio
1142 3319 1211 3362 eum
1232 3302 1285 3380 qui
1316 3305 1511 3380 0100111110-

868 3381 950 3441 scius
972 3381 1260 3462 1010011(Νο1010.,
1277 3383 1442 3461 sagene),
1460 3388 1512 3446 vel

868 3479 956 3521 mane
977 3461 1180 3532 discessurus
1198 3461 1225 3522 01
1240 3469 1346 3539 postea
1367 3481 1426 3523 non
1448 3467 1511 3526 dis·

868 3541 999 3602 cesserit
1035 3543 1180 3621 (Sanctus
1210 3543 1288 3620 010.)
1319 3549 1412 3618 atque
1442 3544 1513 3605 ideo

869 3621 989 3698 impune
998 3623 1113 3682 iterum
1124 3625 1380 3700 prandereposse.
1393 3623 1437 3683 2⁰.
1446 3625 1512 3686 Nec

868 3700 1013 3778 frangere
1042 3701 1190 3762 ieiunium
1216 3721 1284 3761 eum
1311 3703 1364 3778 qui
1392 3705 1512 3780 pluries

867 3800 921 3857 per
941 3781 1023 3840 diem
1045 3783 1196 3844 modicum
1220 3781 1336 3857 aliquid
1365 3785 1511 3855 comedit,

866 3862 985 3938 pluries
1016 3863 1131 3938 repetit
1151 3866 1223 3942 (non
1245 3861 1348 3942 unico)
1368 3864 1513 3924 volunta-

866 3941 910 4001 110
940 3948 1011 4002 0010
1042 3942 1199 4019 (Garama,
1223 3943 1325 4013 Salas,
1358 3943 1444 4017 010.)
1470 3945 1515 4007 Et

868 4027 986 4093 contra,
1002 4021 1061 4092 3⁰.,
1081 4022 1224 4099 frangere
1245 4041 1311 4082 eum
1328 4023 1380 4098 qui
1402 4025 1510 4084 vinum

867 4107 966 4178 potat,
990 4122 1049 4162 non
1081 4111 1115 4162 ut
1136 4103 1224 4162 sitim
1255 4103 1433 4179 extinguat,
1457 4107 1509 4166 sed
1530 4180 1532 4184 ,

868 4187 901 4242 ut
914 4181 998 4242 vires
1010 4183 1189 4264 reficiat(S.
1201 4187 1328 4254 Aulon,
1340 4183 1511 4262 Sil.,stc.).

867 4261 953 4321 Haeo
975 4263 1073 4340 igitur
1094 4263 1189 4322 devia
1207 4269 1292 4324 sunt:
1312 4284 1367 4324 nec
1390 4265 1421 4324 in
1443 4266 1511 4324 foro

867 4348 997 4403 externo
1019 4346 1147 4404 oberunt
1162 4363 1220 4402 non
1243 4344 1393 4405 ieiunanti
1410 4346 1436 4405 si
1459 4364 1513 4422 pu·

866 4427 914 4482 tet
945 4424 1103 4482 sefacere
1135 4428 1172 4482 io
1198 4427 1354 4499 fraudem
1386 4429 1512 4485 ieircnii

865 4503 956 4582 (licet
987 4503 1168 4565 mortaliter
1198 4505 1317 4584 peccet)
1338 4524 1392 4564 nec
1422 4507 1511 4583 prod·

867 4587 958 4642 erunt
979 4583 1006 4642 si
1028 4583 1099 4660 quid
1122 4585 1234 4646 lecerit
1255 4585 1286 4644 in
1311 4589 1338 4644 b.
1362 4586 1385 4646 1.

925 4662 971 4742 (4)
991 4666 1023 4724 S.
1048 4666 1155 4742 nipe,
1179 4666 1236 4735 ur,
1262 4663 1349 4728 1025.
