3536 5124
353 298 457 344 carur
481 299 528 346 ιιι.
555 299 720 345 cornuum
744 299 1023 347 conrnssanroauu
1049 301 1086 344 ar
1111 298 1341 345 roaurrsurruu
1452 278 1515 346 299

180 405 216 470 et
239 405 358 489 postea
374 401 573 470 recordetur
589 401 842 490 blasphemasse
866 401 1063 486 duodecies,
1089 399 1241 470 obtinuit
1266 421 1336 470 non
1358 406 1517 490 oportere

180 527 220 576 ea
245 505 403 575 confiteri
427 507 553 591 denuo,
578 506 751 598 quiaduo
775 507 812 576 in
835 506 893 577 illo
916 507 1081 577 adverbio
1104 510 1246 574 circiter
1269 505 1440 576 contineri
1465 507 1516 576 in-

179 611 383 701 telliguntur
401 617 460 702 (6);
479 613 533 682 siu
550 634 590 683 ea
607 615 785 683 confessus
800 613 905 683 estin
922 615 1079 697 contuso,
1098 633 1162 683 ceu
1179 613 1382 703 plerumque
1399 611 1512 696 rudes,

180 721 291 810 pueri,
317 719 625 808 consuetudinarii,
652 727 687 791 et
710 741 804 790 nunc
828 721 992 790 distincte
1017 719 1204 790 memoriae
1236 720 1398 804 subeunt,
1429 720 1514 790 haee

180 832 299 897 utrum
323 848 419 898 nunc
442 827 615 917 explicare
642 827 766 897 debeat
790 849 861 897 non
885 827 969 896 satis
990 827 1158 896 convenit
1173 826 1233 915 (7).
1254 831 1325 896 Nec
1348 824 1517 894 convenit

180 934 276 1018 satis,
294 939 412 1004 utrum
435 934 465 1004 is
486 933 545 1026 qui
570 940 751 1024 peccatum
767 933 864 1026 quasi
888 931 1031 1002 dubium
1055 934 1234 1003 confessus
1256 931 1334 1018 fuit,
1353 932 1381 1002 si
1397 939 1515 1022 postea

180 1040 254 1110 eius
277 1046 371 1110 certo
396 1039 607 1125 meminerit,
632 1046 795 1110 teneatur
818 1041 900 1110 illud
924 1039 1082 1109 confiteri
1106 1040 1239 1109 denuo:
1265 1039 1325 1108 sed
1348 1038 1375 1108 si
1400 1037 1511 1130 isqui

179 1147 268 1216 dixit
290 1166 326 1217 se
350 1147 604 1237 blasphemasse
627 1148 737 1216 decies
758 1151 898 1216 circiter
922 1168 993 1216 non
1026 1152 1177 1232 tenetur,
1217 1165 1433 1237 consequens
1461 1149 1515 1216 eet
1560 1199 1567 1209 .

178 1251 292 1322 dicere
316 1274 428 1344 neque
451 1255 545 1322 hune
568 1253 685 1323 verius
708 1251 833 1337 teneri,
860 1267 952 1322 nam‘
967 1259 1003 1321 et
1025 1273 1065 1322 ca
1088 1273 1176 1342 quae
1192 1252 1250 1322 illo
1265 1251 1430 1321 adverbio
1446 1255 1513 1320 cir·

176 1364 263 1429 citer
286 1361 514 1430 continentur
534 1361 632 1454 quasi
656 1359 759 1430 dubia
784 1359 943 1430 conliteri
966 1361 1080 1450 palam
1105 1367 1158 1430 est
1177 1363 1237 1450 (8).

9 1515 11 1580 3
119 1523 121 1526 .
237 1466 313 1535 551.
341 1467 516 1536 Confessio
540 1473 593 1536 est
616 1467 724 1553 nulla,
748 1467 886 1557 quando
910 1466 1039 1556 aliquid
1058 1467 1158 1562 'deest
1180 1489 1224 1536 ex
1249 1467 1314 1552 his,
1348 1488 1436 1559 quac
1467 1467 1510 1538 ad

177 1569 250 1642 eius
273 1571 502 1642 substantiam
527 1573 713 1664 pertinent.
742 1579 783 1641 ut
810 1572 980 1664 siquidem
1016 1573 1080 1641 hoc
1114 1571 1225 1642 deluit
1254 1573 1340 1642 citra
1370 1593 1511 1642 omnem

176 1676 386 1765 poenitentis
409 1681 560 1768 culpam,
583 1680 748 1749 invalido
772 1679 985 1769 simpliciter;
1012 1677 1066 1746 sin
1087 1679 1185 1768 eulpa
1202 1677 1320 1767 ipsius,
1336 1679 1514 1766 socrileqa

175 1783 311 1872 proprio
335 1784 477 1852 nominc
499 1783 566 1853 diei
590 1787 687 1854 solet.
716 1789 864 1876 Utraque
888 1785 993 1874 igitur
1016 1784 1201 1875 repetenda
1218 1787 1318 1853 leret:
1338 1781 1511 1853 nihilomi-

176 1907 242 1956 nus
264 1888 292 1957 si
316 1889 382 1958 luit
405 1891 580 1976 invalida,
606 1911 678 1960 non
702 1898 785 1960 sunt
807 1890 1024 1981 inquietandi
1048 1889 1107 1982 qui
1131 1889 1303 1962 bonafide
1320 1896 1454 1976 tenent,
1472 1910 1509 1958 se

176 1996 241 2066 rite
265 1999 440 2068 confessos
464 1997 652 2087 luisse(9):
678 1999 731 2066 sin
755 1999 942 2086 sacrilepo,
974 1997 1118 2068 omnino
1150 1998 1336 2088 repetenda
1368 2006 1431 2066 est.
1466 2000 1510 2066 nt

173 2123 365 2195 numquam
389 2111 442 2174 cst
465 2106 650 2195 repetenda
674 2105 844 2175 confessio
869 2105 1096 2190 intermedia,
1126 2105 1155 2175 si
1179 2107 1266 2174 forte
1298 2104 1410 2175 ualida
1434 2106 1509 2176 luc·

175 2208 221 2277 rit
240 2210 321 2298 (lo).

173 2393 280 2534 466(6)
300 2397 426 2472 Sporer,
459 2396 534 2467 4493
565 2397 597 2457 S.
621 2395 734 2471 Alph,
758 2395 812 2464 VI,

233 2555 279 2635 (7)
300 2556 450 2630 Segneri,
481 2573 528 2632 ap.
555 2557 587 2616 S.
611 2555 727 2630 Alph,
751 2555 812 2624 VI,

173 2633 244 2704 504,
268 2655 299 2694 ιι.
323 2635 414 2694 Dicit
433 2635 474 2706 ll;
498 2636 601 2712 Lugo,
625 2633 717 2704 XVI,
741 2635 814 2700 579,

172 2715 242 2788 582,
267 2716 369 2790 ibique
393 2717 500 2790 Vosq,
524 2721 650 2792 negant,
680 2715 812 2790 quinia,

172 2797 225 2872 qui
246 2813 282 2853 eo
303 2813 361 2870 quo
383 2796 485 2871 potuit
513 2797 599 2853 modo
631 2795 729 2872 legem
758 2795 815 2854 irn-

172 2876 291 2954 plerit,
322 2877 391 2950 lege
430 2875 549 2934 solutus
576 2879 643 2934 est:
680 2876 815 2934 affirmat

172 2955 205 3015 S.
222 2956 319 3032 Alph.
342 2956 379 3036 (l.
397 2955 452 3031 e),
475 2956 548 3029 quia
569 2954 621 3013 lex
643 2959 676 3014 et
701 2955 814 3014 forma-

170 3037 232 3096 lem
253 3037 326 3116 (qua
348 3037 373 3095 is
389 3034 557 3112 implerit),
574 3041 607 3093 et
618 3035 814 3095 materialem

169 3116 274 3195 (quam
305 3118 435 3175 nondum
465 3113 622 3192 implevit)
647 3114 815 3191 integrita-

169 3205 232 3256 tem
254 3197 366 3272 exigit.
391 3197 439 3254 Ex
460 3213 518 3270 quo
539 3199 627 3270 patet
648 3197 718 3269 quid
748 3213 814 3255 sen·

169 3277 307 3336 tiendum
329 3278 372 3336 sii
393 3277 424 3334 in
445 3293 481 3332 ea
509 3275 608 3333 adhuc
638 3276 813 3335 obscuriore

168 3357 360 3429 quaestione,
391 3361 493 3415 utrum
522 3356 682 3431 poenitens
707 3361 813 3416 tenea·

167 3440 221 3494 tur
242 3436 433 3511 praeteritas
455 3435 629 3518 huiusmodi
645 3435 812 3496 confessio·

169 3531 223 3574 nes
243 3517 423 3575 distinctius
445 3521 596 3591 repetere,
620 3515 647 3573 si
669 3515 697 3574 id
714 3518 812 3591 possit

169 3595 282 3652 maiori
304 3595 447 3654 adhibita
468 3595 647 3672 diligentia,
678 3597 730 3655 vel
756 3615 811 3672 ope

169 3675 367 3734 confessarii:
392 3691 465 3734 sane
486 3676 514 3732 si
537 3675 621 3749 prior
650 3674 709 3733 illa
734 3676 811 3734 obli·

169 3753 255 3828 gatio
276 3755 396 3812 incerta
417 3761 476 3822 est,
499 3755 576 3813 haec
596 3753 735 3830 profecto
749 3755 811 3816 erit

168 3833 331 3892 incertior.

226 3911 272 3990 (8)
294 3914 391 3989 Lugo,
415 3913 500 3984 XVI,
522 3914 573 3973 78.
598 3915 654 3974 Est
674 3919 717 3978 ,at
746 3915 810 3974 alia

168 4011 281 4067 urgens
302 3995 397 4062 ratio,
413 3995 557 4068 quiahoc
572 3999 730 4070 peccatum
747 3995 808 4052 iam

166 4075 287 4133 directe
309 4073 370 4134 luit
401 4074 586 4134 absolutum.
611 4072 678 4133 Alii
700 4079 809 4134 contra

164 4158 286 4230 putant,
309 4155 382 4229 quia
403 4158 562 4230 peceatum
583 4172 639 4212 nec
664 4153 725 4212 fuit
755 4171 808 4213 ex·

165 4235 299 4310 positum
312 4237 489 4292 reiteratio
498 4236 809 4310 conscientia‚prout

164 4313 280 4392 (aiunt)
302 4316 444 4374 'I'rident¹
478 4315 644 4390 praecipit;
671 4332 726 4373 nec
753 4332 808 4373 err·

158 4395 279 4470 plicita
293 4395 557 4469 saitaubstorrtio
570 4399 707 4468 peccati,
722 4413 808 4470 quoe

163 4477 314 4534 consistit
335 4478 372 4533 ira
394 4477 467 4533 eius
488 4476 619 4548 copodo
641 4478 806 4548 pravitate

161 4555 207 4631 (S'.
232 4555 340 4631 Alph,
364 4555 418 4628 VI,
441 4553 523 4632 478).
541 4557 594 4624 At,
612 4571 685 4631 pace
696 4556 728 4614 S.
747 4556 805 4613 Do·

162 4636 259 4694 cteris
282 4635 392 4708 nostri,
416 4636 492 4694 haec
514 4635 596 4694 ratio
618 4634 695 4694 mihi
725 4635 802 4695 diffi-

868 2393 939 2453 cilis
960 2403 1019 2466 est,
1043 2394 1203 2454 nonenim
1232 2413 1324 2472 super
1352 2396 1511 2472 gravitate

868 2474 987 2549 peccati
1007 2475 1052 2556 (r.
1070 2493 1112 2546 c.,
1129 2475 1350 2552 blasphemiae,
1368 2473 1512 2554 periurii)

868 2555 991 2612 dubium
1006 2555 1102 2628 eadit,
1119 2556 1170 2613 sed
1186 2572 1277 2631 super
1291 2561 1418 2631 peceato
1433 2557 1510 2631 ipso;

868 2633 1076 2693 confessarius
1096 2638 1199 2693 autem
1214 2639 1268 2694 aut
1280 2636 1337 2694 hoc
1351 2641 1511 2711 peceatum

867 2711 1117 2790 (blasphemiam,
1147 2713 1332 2792 periurium)
1359 2715 1509 2786 absolvit,

868 2801 922 2852 aut
943 2795 1022 2852 nihil
1043 2812 1192 2871 prorsum
1205 2795 1420 2854 Tridentinum
1436 2811 1511 2854 vero

868 2891 926 2930 non
950 2873 1034 2932 iubet
1063 2873 1205 2933 confiteri
1231 2881 1392 2950 peccalum
1412 2880 1510 2950 prout

868 2959 916 3012 est
938 2954 968 3011 in
991 2954 1181 3014 conscientia
1201 2955 1254 3032 (V.
1273 2955 1305 3014 S.
1330 2955 1439 3030 Alpa,
1454 2953 1508 3027 VI,

867 3033 949 3108 474),
974 3035 1026 3092 sed
1048 3035 1132 3094 iubet
1160 3035 1354 3110 poenitentes
1381 3041 1510 3110 peccata

867 3130 922 3171 sua
944 3113 1085 3173 confiteri
1109 3133 1249 3190 priorum
1271 3117 1509 3174 conscientiam

866 3193 998 3263 babent·
1013 3212 1089 3268 quae
1104 3197 1161 3254 duo
1177 3213 1249 3254 sane
1263 3195 1382 3254 distant
1396 3193 1443 3274 (S.
1457 3196 1510 3255 Al-

867 3274 973 3348 phon.‚
997 3273 1052 3334 cit.
1077 3294 1105 3333 n.
1129 3274 1211 3354 474)
1242 3283 1275 3336 et
1296 3272 1323 3332 si
1351 3276 1508 3352 praecipe·

865 3359 926 3424 ret,
941 3355 1012 3428 quia
1026 3373 1063 3412 ea
1078 3356 1173 3414 semel
1188 3358 1346 3414 confessus
1361 3355 1422 3414 luit
1437 3373 1509 3430 qua·

865 3432 892 3492 si
924 3434 1027 3503 dubia,
1061 3435 1123 3493 iam
1151 3441 1316 3512 praecepto
1346 3436 1509 3495 defunctus

865 3519 957 3574 esset.
982 3515 1044 3572 Pro
1066 3515 1410 3590 posteriori'sententia
1430 3516 1507 3572 Virr-
1601 3524 1604 3532 '

865 3595 974 3654 dicz'oe
994 3594 1103 3668 Lipor.
1127 3596 1266 3675 (PanV
1277 3637 1285 3664 ,
1317 3595 1411 3658 Quae.
1434 3594 1508 3673 Vll)

865 3681 981 3750 septem
1004 3693 1097 3750 snpra
1117 3676 1169 3746 303
1192 3674 1312 3734 Baller.
1329 3681 1433 3733 antem
1455 3673 1507 3749 (ad

864 3756 963 3830 Gury,
986 3754 1028 3824 ΙΙ,
1052 3755 1125 3832 480)
1140 3758 1209 3813 octo
1231 3759 1263 3814 et
1291 3752 1331 3812 30
1358 3755 1424 3812 ΑΑ.
1453 3772 1507 3831 pro

864 3853 963 3973 titt
976 3836 1426 3989 ittdtthttithai,
1439 3851 1508 3974 οῖὲῑ

863 3994 1034 4065 absolutae,
1058 4011 1138 4052 nova
1159 3992 1397 4068 dispensatione,
1422 3995 1508 4052 abso-

863 4073 981 4132 lutione
1002 4091 1059 4132 non
1081 4075 1191 4150 egeni:
1216 4089 1270 4131 cur
1291 4091 1349 4132 non
1366 4074 1445 4131 idam
1462 4075 1506 4131 iu-

862 4155 907 4213 ris
934 4163 983 4213 est
998 4154 1042 4211 'iu
1071 4151 1231 4230 peccatis?
1257 4151 1397 4230 (Sporer,
1420 4151 1503 4231 387).

862 4236 1033 4308 Utcumque
1056 4233 1107 4292 lex
1128 4233 1221 4291 dubia
1242 4241 1301 4292 est.

920 4313 966 4392 (9)
989 4316 1035 4372 Ex
1051 4315 1083 4372 S.
1102 4313 1136 4373 G.
1155 4314 1203 4383 0.,
1222 4312 1257 4371 11
1275 4315 1396 4372 Decem.
1417 4313 1504 4388 1683,

861 4411 910 4469 ap.
935 4393 1050 4453 Bened.
1074 4393 1159 4463 XIV,
1184 4393 1259 4453 Not.
1284 4396 1333 4464 84,
1358 4393 1389 4452 in
1412 4393 1443 4454 fi.

920 4472 987 4555 (10)
1008 4475 1106 4550 Lago,
1131 4475 1217 4542 XVI,
1235 4474 1306 4548 5993
1323 4474 1429 4546 Croix,
1446 4473 1502 4543 Vl,

860 4553 908 4624 II,
935 4553 1028 4624 12243
1059 4556 1174 4630 Vasq.;
1205 4555 1335 4624 Bonac.;
1366 4553 1503 4626 Dicast.;

861 4635 973 4708 Salm,
997 4635 1028 4708 6,
1051 4635 1081 4706 9,
1107 4634 1154 4696 10.
