3594 5122
357 283 359 294 .
434 217 538 302 corun
562 257 584 302 r.
611 256 650 302 oe
674 257 724 302 ms
747 257 829 313 ouon
853 259 1028 304 rearmatur
1053 259 1096 304 nn
1120 259 1337 304 eormremau
1487 239 1552 306 267

213 353 330 422 Seium
354 353 493 424 sidicat
515 356 654 426 dolens:
683 379 772 427 arne
796 379 919 428 accuso
934 359 976 428 de
992 359 1159 450 hisquae
1182 364 1257 428 inm
1282 360 1343 428 tibi
1365 360 1458 430 otios
1471 381 1552 448 pro-

211 461 322 528 didit
349 463 435 551 (00).

272 569 349 638 508.
378 572 420 638 nt
444 591 527 640 vero
551 571 721 641 confessio
746 592 817 641 non
833 571 873 641 fit
889 571 955 642 nisi
972 571 1140 661 audienti,
1158 573 1385 664 quamohrem
1402 595 1462 664 pro
1480 595 1551 644 non

214 672 317 744 dictis
341 684 445 745 erunt
468 697 556 767 quae
579 677 811 748 confessarius
834 685 908 748 non'
922 679 1076 768 percepit
1091 699 1174 749 aure
1193 681 1272 768 (tl).
1293 679 1356 749 Sed
1370 685 1552 772 postquam

211 780 395 871 poenitens
419 783 597 852 confessus
620 789 672 853 est
695 791 877 874 peccatum
901 793 1004 876 prout
1027 786 1111 876 ipse
1141 788 1224 858 illud
1252 788 1403 874 admisit,
1435 794 1471 858 et
1498 810 1550 860 sa·

213 886 334 956 cerdos
357 887 439 956 illud
464 889 617 978 percepit
639 889 690 958 uti
714 890 896 980 poenitens
918 894 1099 962 consessus
1121 900 1186 978 est,
1219 893 1429 981 confessioni
1457 895 1553 965 deest

213 994 311 1064 nihil.
338 1003 433 1079 Quae
456 1002 574 1066 autem
598 997 641 1067 ad
665 1001 955 1067 existimationem
986 998 1139 1088 ipsorum
1175 1001 1363 1090 pertinent,
1395 1002 1438 1070 ad
1472 1023 1551 1069 con·

214 1099 399 1188 sessionem
424 1123 495 1172 non
519 1104 708 1192 pertinent,
734 1105 793 1172 sed
821 1102 966 1174 omnino
1002 1109 1101 1174 extra
1137 1127 1214 1175 eam
1250 1112 1344 1192 sunt,
1379 1107 1488 1176 veluti
1523 1107 1552 1177 si

212 1205 407 1295 poenitens,
434 1209 489 1278 vel
513 1208 755 1294 confessarius
781 1211 838 1279 vel
854 1216 999 1302 uterque
1015 1212 1118 1281 ducat
1133 1210 1224 1282 levia
1240 1231 1314 1280 esse
1329 1233 1416 1303 quae
1432 1213 1552 1301 gravia

213 1319 296 1382 sunt
322 1313 410 1402 (02);
437 1321 498 1383 aut
520 1315 751 1384 confessarius
774 1315 880 1406 stipes
914 1317 999 1387 adeo
1034 1317 1091 1402 sit,
1123 1322 1162 1385 ut
1194 1317 1327 1387 nesciat
1356 1317 1552 1388 discernere

213 1414 306 1486 inter
330 1418 466 1487 veniale
491 1425 527 1488 et
549 1419 695 1490 mortale
719 1441 764 1489 ne
787 1421 824 1491 in
848 1421 983 1492 casibus
1006 1423 1145 1514 quidem
1179 1423 1304 1508 obviis,
1333 1431 1394 1493 aut
1421 1424 1554 1514 species

214 1529 250 1592 et
273 1544 460 1594 numerum
484 1533 706 1616 peccatorum
730 1550 801 1599 non
818 1531 952 1599 calleat.
981 1530 1118 1600 Scilicet
1133 1531 1237 1600 iudici
1252 1551 1323 1601 non
1341 1539 1393 1601 est
1408 1531 1568 1602 scientia

215 1632 423 1718 necessaria,
449 1633 508 1702 sed
531 1633 734 1720 iurisdicti0,
759 1642 799 1703 ut
822 1634 1015 1704 sententiae
1045 1634 1099 1703 vis
1121 1644 1258 1706 constet
1288 1659 1365 1726 sua,
1399 1637 1553 1708 maxime

213 1736 249 1808 in
274 1739 340 1810 boe
363 1739 501 1826 iudicio,
527 1743 617 1832 quod
652 1741 736 1812 alias
771 1763 874 1832 prope
909 1741 1056 1812 infinitis
1090 1745 1327 1815 anxietatibus
1361 1746 1552 1815 obnoxium

212 1849 314 1933 foret,
341 1854 376 1916 et
400 1846 683 1917 molestissimum
700 1851 783 1938 (55).
810 1853 854 1918 nt
876 1850 971 1919 enim
996 1848 1055 1940 qui
1083 1849 1188 1920 talem
1212 1850 1307 1940 eligit
1329 1873 1373 1922 ne
1400 1853 1553 1941 gravitas

212 1959 433 2042 peccalorum
469 1974 610 2023 suorum
646 1955 964 2042 animadvertatur,
995 1956 1075 2049 quia
1111 1957 1176 2027 boc
1210 1958 1302 2026 letali
1334 1977 1404 2028 non
1436 1965 1549 2044 caret,

212 2061 347 2130 irritam
363 2061 618 2132 confessionem
642 2061 726 2131 iacit
752 2064 831 2151 (bl).
1280 2079 1284 2088 “

272 2169 347 2237 500.
375 2176 550 2239 Hactenus
573 2170 615 2239 de
639 2169 795 2260 hisquae
811 2171 854 2240 ad
871 2171 1098 2241 confessionis
1113 2171 1343 2241 substantiam
1360 2173 1548 2262 pertinent.

147 2337 153 2344 .
216 2275 335 2359 Quoad
359 2275 515 2361 modum,
540 2275 711 2345 confessio
732 2297 799 2364 per
820 2297 855 2344 se
878 2275 952 2345 lieri
976 2281 1090 2366 potest
1112 2296 1211 2362 voce,
1237 2279 1390 2364 nutibus,
1408 2282 1548 2370 scripto;

212 2387 460 2452 verumtamen
476 2383 727 2452 consuetudine
744 2387 797 2452 est
812 2383 1049 2452 introductum
1066 2389 1105 2451 ut
1121 2381 1182 2451 fiat
1197 2404 1297 2469 voce,
1314 2391 1350 2453 et
1363 2391 1416 2455 est
1431 2407 1549 2476 grave,

213 2485 279 2556 nisi
303 2495 447 2558 excuset
470 2509 573 2558 causa
599 2489 715 2576 gravis
733 2489 814 2576 (05).
840 2487 920 2557 ldeo
943 2489 1085 2558 nutibus
1107 2488 1240 2558 nemini
1263 2489 1345 2561 licet
1379 2491 1549 2579 confiteri,

214 2590 279 2662 nisi
304 2591 335 2660 ei
360 2593 417 2684 qui
442 2594 527 2664 alias
551 2595 708 2664 confiteri
733 2593 893 2685 nequiret
917 2595 1005 2681 (00),
1032 2615 1144 2686 neque
1174 2595 1216 2664 de
1247 2597 1387 2686 scripto,
1416 2598 1550 2684 nisiex

212 2705 320 2788 prout
341 2721 451 2770 conso
470 2703 551 2790 (57),
578 2709 614 2771 et
637 2721 677 2771 ea
702 2703 776 2791 lege
801 2708 840 2770 ut
863 2700 1057 2796 poenitens,
1085 2708 1264 2794 postquam
1291 2704 1362 2793 ipse
1386 2706 1442 2774 vel
1469 2727 1561 2776 cont
1620 2755 1624 2767 .

273 3081 338 3162 (50)
359 3081 487 3155 Konin.;
510 3082 607 3160 Lago,
629 3083 700 3151 638,
724 3082 794 3154 640;
810 3085 849 3144 V.
968 3084 1034 3165 (57)
1056 3087 1087 3146 S.
1112 3086 1219 3162 Alph.,
1242 3087 1295 3157 VI,
1312 3087 1382 3148 493.
1405 3089 1448 3148 Ut
1464 3105 1545 3160 ecce,

212 3157 378 3235 Ballerini,
401 3165 438 3222 ad
461 3165 558 3240 Gury,
575 3163 616 3233 ΙΙ,
633 3162 704 3236 515,
720 3164 749 3222 6.
910 3167 935 3226 si
967 3165 1125 3242 poenitens
1157 3166 1281 3242 linguae
1316 3167 1548 3243 impedimento,

279 3242 344 3322 (51)
366 3242 463 3320 Lago,
480 3243 565 3314 XVI,
583 3243 652 3304 005.
671 3243 853 3320 thuieon-
909 3253 963 3306 ant
994 3245 1168 3322 respirandi
1197 3247 1380 3308 difficultate
1410 3248 1549 3322 laboret3

212 3327 322 3386 fitetur
349 3325 502 3384 sacerdoti
534 3325 660 3383 obtusae
681 3325 778 3394 auris,
803 3325 855 3383 vel
910 3328 936 3386 si
958 3325 1072 3403 puella,
1096 3343 1169 3402 prae
1198 3328 1335 3386 maxima
1350 3328 1547 3401 verecundia,

213 3403 413 3475 dormitanti,
445 3403 502 3467 ,rel
533 3405 636 3472 ebrio,
668 3403 854 3479 sacrilegam
909 3410 1036 3484 peccata
1057 3424 1112 3466 sua
1133 3406 1237 3464 verbis
1258 3408 1398 3483 proferre
1420 3425 1477 3465 non
1497 3425 1551 3465 va·

214 3483 433 3544 consessionem
466 3483 554 3555 faeit3
585 3482 647 3542 nisi
675 3484 753 3541 bona
780 3485 855 3542 fides
909 3487 989 3557 leat3
1013 3486 1041 3544 si
1061 3487 1255 3562 scrupulosus
1277 3491 1363 3564 putet
1385 3504 1418 3544 se
1439 3487 1551 3546 melius

214 3565 312 3640 ipsum
333 3568 460 3622 excuset
480 3565 532 3643 (V.
558 3564 664 3634 Suam,
688 3563 739 3633 28,
754 3564 785 3636 2,
803 3562 853 3636 18;
909 3567 955 3625 sie
978 3571 1104 3642 peccata
1134 3583 1188 3623 sua
1215 3567 1455 3642 explicaturum,
1487 3571 1548 3626 etc.

213 3643 311 3720 Lnga,
334 3641 405 3714 6963
429 3645 461 3702 S.
479 3643 588 3718 Alph.,
610 3642 664 3712 VI,
689 3643 772 3721 409),
801 3651 855 3703 aut
908 3647 954 3726 (S.
980 3645 1088 3720 Alph.,
1114 3644 1184 3714 429,
1211 3646 1282 3716 470,
1308 3645 1390 3725 493).
1428 3647 1486 3705 Sed
1509 3665 1567 3712 an,

212 3721 383 3782 necessitas
405 3723 525 3798 gravis,
547 3723 635 3782 velut
661 3723 693 3780 in
718 3724 855 3800 periculo
908 3737 1021 3795 mutus,
1044 3726 1096 3800 qui
1117 3725 1230 3784 literas
1251 3726 1322 3798 scit,
1346 3724 1463 3802 scripto
1478 3744 1550 3786 con-

213 3801 337 3874 mortis3
360 3809 413 3862 aut
435 3803 459 3862 si
483 3803 564 3862 alias
585 3803 636 3862 diu
659 3803 717 3861 sibi
737 3801 854 3862 confes·
908 3805 993 3866 fiteri
1014 3806 1134 3874 debeat,
1159 3811 1277 3865 remoto
1298 3806 1407 3880 quovis
1421 3807 1551 3882 evulga-

214 3881 299 3941 sione
320 3883 592 3942 carendumsoret.
907 3885 1002 3945 tionis
1036 3883 1193 3961 periculo?
1228 3885 1393 3946 Affirmant
1428 3887 1547 3960 Vasq„

259 3998 260 4006 .
276 3960 329 4038 (52
363 3965 395 4022 S.
412 3964 520 4040 Alph.,
536 3963 706 4034 11147811
721 3962 767 4034 fl,
782 3962 851 4022 500.
907 3963 1006 4041 Lugo,
1019 3965 1131 4035 Salm,
1145 3965 1176 4023 S.
1191 3965 1284 4041 Alph.
1298 3961 1458 4044 (Vl,479),
1470 3971 1546 4038 ete,

287 4043 325 4102 53
362 4044 393 4102 S.
420 4042 525 4119 Alph.,
549 4042 603 4114 VI,
622 4043 691 4104 500.
907 4047 978 4120 quia
999 4044 1156 4119 obligatus
1186 4045 1224 4102 ad
1253 4045 1343 4104 tinem
1366 4051 1490 4106 tenetur
1511 4049 1549 4106 ad

287 4122 326 4181 54
361 4125 471 4194 Suar.;
496 4121 613 4195 Salm,
635 4123 671 4194 0,
687 4122 718 4192 0,
734 4122 784 4191 27,
801 4121 852 4196 283
906 4124 1018 4183 media.
1042 4124 1167 4199 Negant
1188 4125 1289 4184 Tolet.
1306 4123 1390 4204 (Lib.
1407 4123 1464 4194 Ill,
1481 4125 1547 4207 65),

215 4201 329 4272 12,11;
353 4206 384 4262 S.
410 4202 518 4278 Alph.,
544 4203 565 4262 l.
582 4221 610 4261 c.
907 4205 986 4274 Sot,
1004 4204 1156 4274 Natam,
1174 4204 1327 4277 Victoria,
1344 4205 1471 4276 Peleus,
1485 4210 1545 4267 ete.

273 4283 339 4362 (55)
359 4283 397 4341 D.
414 4283 485 4350 Th,
503 4282 625 4354 Quodl,
643 4281 730 4354 1,10;
748 4283 852 4355 auor,
905 4283 995 4361 (apud
1029 4284 1061 4342 S.
1086 4283 1193 4358 Alph.,
1221 4283 1241 4342 l.
1268 4282 1323 4360 c.),
1354 4285 1464 4360 quippe
1492 4285 1549 4346 hoc

212 4359 263 4431 21,
279 4363 309 4435 33
334 4361 445 4432 Salm,
469 4362 499 4431 b,
515 4363 545 4431 7,
564 4361 612 4434 11,
637 4363 668 4421 S.
687 4363 795 4438 Alph.,
813 4364 851 4433 V,
907 4363 1190 4423 extraordinarium
1220 4363 1337 4438 aliquid
1368 4367 1433 4434 est;
1466 4365 1547 4426 alias

213 4442 284 4512 420,
309 4442 339 4500 in
362 4441 394 4501 fl.
907 4444 1011 4518 quidni
1033 4446 1065 4501 et
1086 4442 1113 4502 is
1134 4443 1186 4518 qui
1208 4444 1358 4503 memoria
1373 4443 1491 4504 labitur
1504 4450 1550 4506 te-

272 4524 338 4603 (56)
359 4523 391 4583 S.
410 4521 517 4599 Alph.,
543 4522 563 4582 l.
582 4539 607 4581 c.
631 4523 675 4582 Ut
689 4529 785 4593 muto,
803 4522 853 4581 vel
907 4523 1039 4583 neaturl
1062 4525 1144 4600 Ergo
1166 4523 1218 4581 lex
1241 4523 1332 4582 dubia
1353 4531 1412 4582 est.

213 4603 323 4679 ignaro
344 4602 511 4663 idiomatis.
