3540 5130
149 2521 151 2525 ,
246 2458 296 2517 ria
318 2455 519 2535 possessione,
542 2471 599 2512 non
622 2456 655 2514 vi
669 2454 886 2532 praescriptio-

239 239 288 308 ,50
458 259 548 306 arnan
573 261 594 306 ι.
613 276 634 288 -
649 259 765 306 aanor.
792 259 826 306 rr.
854 259 893 304 ns
917 258 1091 306 aauarrous
1114 258 1363 306 ecciesiasticis

241 369 376 454 ptioue,
406 368 442 433 et
472 362 678 454 quandoque
701 360 866 430 adimitur
894 361 930 430 in
959 379 1125 448 poenam,
1161 361 1203 430 de
1235 381 1303 450 qua
1332 360 1485 432 viderint
1518 369 1578 436 Ca·

244 470 414 542 nonistae.
633 477 634 482 ’

302 576 356 645 17.
384 581 532 644 Densum
556 578 581 642 Ι.
609 580 645 642 Ρ.
671 573 799 660 amitti,
826 573 881 642 rel
904 572 1036 664 acquiri
1056 575 1104 661 (el
1120 573 1263 664 proinde
1279 573 1403 644 daune
1420 573 1455 643 in
1473 575 1579 647 alium

241 683 348 771 abire)
372 687 497 773 petest,
524 680 792 771 usucapionibus
815 687 851 750 et
873 680 1213 771 praescriptionibus
1238 687 1384 771 excepto
1415 682 1574 754 familiari

242 811 303 860 seu
326 787 497 879 gentilitio
514 788 594 877 (st).
621 791 710 857 Sane
734 787 957 877 praescriptio
991 787 1197 880 acquisitiva
1230 787 1356 858 nititur
1379 788 1476 879 quasi
1508 809 1579 878 pos

242 895 392 966 sessione
417 893 502 964 iuris
526 893 783 983 praesentandi,
809 895 865 962 vel
889 893 1104 979 conterendi,
1129 899 1166 962 et
1188 915 1208 964 a
1233 895 1512 985 praesentatione
1529 897 1576 967 la·

243 1008 300 1074 cta
316 1003 383 1091 (56)
409 1001 609 1092 (dummodo
632 999 804 1070 institutio
829 1007 974 1092 sequuta
998 1001 1115 1090 fuerit)
1134 1001 1189 1070 vel
1206 1023 1226 1071 a
1242 1001 1425 1072 collatione
1442 1001 1580 1074 initium

242 1112 345 1200 capit.
373 1114 427 1196 ut,
451 1108 531 1200 quia
556 1113 758 1196 patronatus
782 1113 835 1179 est
850 1107 904 1176 ius
921 1108 1121 1196 temporale,
1141 1107 1341 1196 usucapitur
1357 1129 1397 1178 eo
1424 1114 1580 1199 tempore

243 1235 351 1307 eoque
375 1215 567 1306 modoque
591 1219 705 1284 cetera
730 1213 805 1284 iura
830 1214 1033 1304 temporalia
1056 1214 1322 1305 usucapiuntur,
1348 1213 1436 1283 idest
1460 1215 1581 1285 adver·

243 1341 301 1393 sus
323 1328 509 1412 patronum
525 1318 799 1390 ecclesiasticum
815 1319 859 1388 lu
875 1341 973 1408 ann,
992 1319 1159 1390 adversus
1174 1319 1302 1390 laicum
1321 1319 1362 1388 l0
1378 1320 1470 1389 inter
1482 1341 1576 1410 prae-

243 1437 372 1514 senteS,
397 1430 439 1498 80
474 1426 568 1496 inter
602 1427 763 1496 absentes
797 1447 879 1496 cum
913 1427 1015 1495 titulo
1046 1428 1217 1496 colorato:
1252 1433 1287 1496 et
1318 1428 1392 1496 sina
1417 1429 1495 1512 boc,
1522 1447 1579 1496 ve·

246 1535 316 1604 rius
338 1535 381 1604 50
397 1535 479 1632 (57)
503 1532 557 1604 sin
581 1531 625 1602 ab
647 1531 792 1602 eeclesia
816 1531 935 1617 libera,
961 1551 1047 1621 opus
1063 1537 1115 1600 est
1133 1538 1288 1622 tempore
1309 1532 1575 1604 immemorabili

244 1647 281 1710 et
303 1639 540 1730 multiplicatis
562 1635 899 1726 praesentationibus
915 1637 996 1726 (58).

305 1896 370 1979 (35)
390 1897 439 1959 uf.
464 1899 602 1966 Ferrea,
619 1914 650 1954 v.
669 1893 884 1969 Iuspatroao·
940 1895 1153 1970 probationum
1175 1895 1364 1955 adminicula
1386 1897 1581 1956 immemora-

246 1989 310 2048 tus,
332 1981 403 2038 Art.
428 1978 453 2049 I,
476 1994 496 2035 a
516 1994 546 2035 n.
563 1975 612 2035 36.
627 1974 883 2052 ·Eoeeeptoeto.,
939 1973 1002 2033 bile
1024 1978 1145 2051 tempus
1167 1975 1299 2035 babetur
1320 1994 1390 2034 aun.
1415 1977 1465 2046 40,
1489 1982 1521 2036 et
1550 1977 1580 2034 in

246 2059 320 2136 quia
342 2058 535 2134 gentilitium
561 2055 711 2114 adversus
741 2061 887 2132 patronos
939 2056 1169 2130 potentioribus
1188 2054 1274 2135 (quia
1296 2056 1328 2114 in
1350 2056 1399 2114 bis
1415 2055 1581 2132 praesumi-

246 2139 349 2219 (quaei
371 2133 656 2212 fideicommissum)
675 2134 801 2211 usucapi
828 2152 886 2192 non
939 2143 992 2194 tur
1014 2131 1187 2212 usurpatio)
1217 2135 1267 2206 503
1307 2136 1378 2193 illic
1407 2141 1580 2208 utcumque,

246 2221 349 2296 potest
377 2215 437 2296 (De
462 2217 567 2284 Luca,
600 2216 646 2274 De
670 2214 743 2274 Iar.
771 2216 886 2282 Patr„
941 2213 989 2272 bis
1000 2215 1200 2274 eratbeaticis
1215 2216 1379 2292 seripturis
1391 2215 1583 2292 comprobati

247 2300 332 2358 Diso.
357 2297 408 2367 35,
431 2297 463 2369 73
481 2297 514 2355 S.
532 2296 565 2354 [l.
583 2297 631 2367 0.‚
648 2295 668 2355 9
684 2300 764 2371 Aug.
782 2291 883 2372 1862).
938 2293 996 2373 (De
1018 2296 1114 2368 Luca,
1137 2297 1187 2366 57,
1204 2295 1253 2366 38,
1272 2296 1346 2370 ibiq.
1364 2295 1506 2363 Ganzal.;
1524 2292 1578 2351 Vi-

248 2375 886 2454 Sedetgentilitiumacquirituroentena-
939 2375 1039 2444 viam,
1063 2375 1119 2447 XI,
1143 2377 1172 2446 4,
1196 2375 1246 2446 37,
1270 2375 1376 2444 Gara,
1400 2375 1438 2445 V,
1463 2377 1493 2448 0,
1511 2367 1573 2444 '85,
1665 2436 1666 2444 ,
1734 2425 1736 2432 ,

940 2455 1016 2530 ibiq.
1034 2455 1066 2514 S.
1085 2456 1119 2516 G.
1134 2457 1168 2515 0.
1181 2463 1212 2513 et
1225 2457 1263 2514 R.
1281 2453 1332 2533 R).
1350 2455 1581 2522 Admiaieulu,

246 2537 306 2609 nis,
330 2537 387 2596 sed
409 2537 555 2594 melioris
579 2536 670 2594 titali
690 2536 730 2593 de
760 2535 886 2592 muodo
941 2539 1061 2609 utputa,
1085 2535 1283 2605 emblemata,
1306 2553 1359 2594 seu
1375 2553 1483 2606 araia,
1504 2551 1581 2610 quae

245 2617 304 2696 (De
326 2618 421 2686 Luca,
445 2613 484 2675 56
506 2620 538 2674 et
559 2613 622 2694 21).

318 2696 370 2774 30)
391 2695 492 2764 Tria,
515 2694 616 2767 XXV,
640 2697 692 2764 Ε..
712 2693 743 2754 9.

320 2775 372 2854 37)
393 2777 427 2836 0.
457 2773 507 2846 24,
532 2774 578 2833 De
605 2774 788 2842 Electiou.;
816 2772 887 2832 Pir·

942 2619 1064 2686 voeant,
1092 2618 1334 2690 inscriptiones,
1350 2615 1514 2684 historiae,
1537 2622 1583 2673 te·

941 2701 1005 2754 stes
1020 2693 1104 2754 fama
1125 2695 1176 2775 (V.
1194 2695 1336 2766 Vivian,
1354 2696 1375 2755 l.
1393 2713 1432 2768 c.,
1448 2713 1468 2752 a
1483 2712 1511 2752 n.
1531 2691 1580 2763 18;

941 2775 985 2833 Ile
996 2774 1094 2845 Luca,
1105 2793 1124 2834 a
1135 2794 1165 2834 n.
1182 2774 1242 2850 10);
1255 2783 1287 2835 et
1298 2771 1335 2834 'in
1345 2777 1455 2852 primis
1470 2773 1582 2835 titulus

247 2856 350 2932 hing.,
372 2855 430 2926 III,
453 2855 504 2928 38,
530 2853 598 2927 118;
622 2854 729 2924 aeia,
753 2853 810 2923 III,
834 2853 885 2924 38,

249 2933 298 3007 15,
321 2935 359 2994 V.
377 2937 421 2994 De
442 2936 537 3004 Luca,
556 2936 639 2993 Dise.
662 2937 712 3008 57,
730 2935 761 3004 8;
784 2935 885 3004 Zoes.,

247 3015 304 3088 III,
327 3017 378 3086 38,
401 3015 433 3086 a,
457 3013 588 3084 Melina,
612 3016 698 3092 Disp.
722 3015 777 3086 70,
802 3031 831 3072 n.
855 3013 885 3070 2.

247 3097 347 3155 Porro
369 3096 498 3170 quaevis
519 3095 656 3154 ecelesia
677 3093 889 3172 praesumitur

247 3175 360 3246 libera,
383 3179 477 3250 atque
505 3174 571 3233 ideo
601 3175 653 3250 qui
678 3174 813 3235 intendit
840 3173 888 3233 sui

245 3257 431 3331 patronatus
445 3273 524 3324 esee,
540 3255 648 3313 docere
670 3255 700 3313 id
715 3255 806 3312 debet
819 3252 887 3332 (Vi-

247 3335 347 3405 vian,
371 3333 428 3403 XI,
449 3338 480 3406 4,
502 3334 561 3405 25;
590 3337 633 3394 De
654 3335 749 3405 Luca,
780 3352 811 3392 n.
843 3333 886 3412 6);

248 3431 356 3490 nempe
378 3415 403 3474 si
426 3415 639 3474 controversie
660 3413 690 3473 ei
704 3417 742 3474 ab
756 3409 889 3473 Ordina-

247 3494 296 3552 rio
315 3495 439 3573 (Gara,
462 3493 500 3564 V,
518 3493 548 3565 9,
565 3493 616 3571 80)
630 3499 714 3554 mota
729 3493 838 3565 fuerit,
855 3501 888 3552 et

248 3573 347 3644 saluo,
372 3573 403 3632 iu
432 3577 630 3650 possessorio,
664 3573 731 3632 iure
759 3573 888 3634 interim

248 3653 427 3713 nominandi
447 3652 608 3734 (vivian,
632 3673 661 3712 n.
685 3655 722 3724 3,
746 3654 821 3728 ibiq.
845 3653 885 3714 R.

248 3733 289 3790 a.
312 3739 345 3791 et
368 3733 400 3792 S.
424 3734 459 3794 Ο.
483 3729 546 3808 0.).

309 3811 376 3892 (38)
397 3813 498 3884 Tria..
521 3811 621 3884 XXV,
638 3813 692 3882 R..
706 3813 736 3874 9.
749 3813 887 3872 -Malti-

244 3893 392 3970 plicatis,
412 3894 493 3953 idest
520 3893 631 3953 saltem
659 3895 786 3966 duabus,
816 3894 887 3970 quia

941 2855 1097 2913 coloratus
1118 2855 1272 2931 (Genesi,
1305 2855 1355 2914 Ad
1382 2856 1461 2925 Res.
1494 2851 1579 2921 VIII,

941 2933 1578 3008 Gl.l8,u.57;DeLuca,an.38;Vitium,

941 3015 997 3086 XI,
1019 3013 1082 3094 53).
1112 3015 1271 3092 Amplius:
1295 3017 1325 3074 in
1354 3015 1402 3073 bis
1422 3017 1453 3074 in
1474 3013 1582 3089 quibus

941 3094 1150 3172 praesumitur
1170 3097 1340 3173 usurpatio,
1356 3091 1582 3170 praesentatio·

941 3193 995 3234 nes
1006 3175 1205 3234 outlscatiez's
1213 3177 1388 3251 scripturis
1399 3172 1523 3250 probari
1532 3172 1582 3230 de·

941 3258 1014 3314 bant
1028 3254 1080 3333 (V.
1094 3255 1236 3328 vivian,
1253 3273 1303 3315 nn.
1318 3255 1366 3324 17,
1383 3253 1446 3332 84),
1464 3257 1496 3312 et
1511 3267 1579 3308 con·

941 3336 1079 3396 tinuatas
1101 3333 1197 3396 fuisse
1219 3341 1341 3412 oportet
1361 3335 1475 3414 (Tria,
1502 3333 1523 3389 l.
1540 3347 1581 3400 e.,·

941 3415 1081 3484 Vinium,
1115 3435 1145 3474 n.
1179 3415 1243 3493 83);
1273 3420 1411 3474 ceterum
1442 3409 1581 3490 probatis

941 3495 1092 3555 extremis
1114 3497 1232 3554 mediae
1255 3500 1493 3571 praesumuntur
1513 3490 1580 3571 (Vi-

942 3577 1041 3646 vien,
1064 3592 1094 3634 u.
1120 3575 1171 3646 283
1194 3577 1238 3634 De
1261 3576 1354 3646 Luca,
1378 3574 1428 3644 58,
1453 3571 1515 3652 12).
1546 3567 1580 3627 Iu

942 3657 990 3714 his
1011 3655 1065 3729 qui
1087 3656 1295 3732 usurpationis
1322 3655 1496 3732 suspicione
1528 3667 1581 3707 va·

941 3739 1013 3794 eant
1035 3736 1241 3813 interpolatas
1263 3753 1380 3812 quoque
1401 3735 1580 3812 praesente·

941 3817 1041 3876 tiones
1066 3818 1207 3892 prodesse
1232 3821 1321 3892 putat
1345 3815 1495 3884 Vivian.,
1519 3809 1576 3876 27,

941 3895 1016 3970 ibiq.
1031 3898 1188 3962 Gratiam,
1200 3895 1301 3956 Felin.
1315 3896 1364 3955 Ita
1375 3912 1466 3972 porro
1477 3893 1504 3952 si
1519 3887 1580 3949 eol·

244 3973 395 4050 pluralis
410 3973 525 4032 locutio
540 3975 682 4032 duorum
698 3991 824 4033 numero
839 3976 887 4031 est
940 3975 1026 4034 lator
1039 3975 1144 4050 ailqua
1160 3978 1227 4034 vice
1243 3993 1296 4034 suo
1313 3976 1380 4034 iure
1398 3969 1579 4034 beneficium

249 4060 403 4112 contento
423 4053 473 4128 (L.
500 4052 547 4123 12,
571 4053 618 4112 De
635 4055 766 4124 Testib.;
787 4053 821 4115 G.
836 4052 886 4126 40,

248 4131 330 4190 Eud.
356 4136 403 4191 tit.
428 4133 458 4191 in
479 4131 524 4206 0⁰3
547 4132 687 4204 Vinium,
703 4134 760 4206 XI,
777 4135 805 4206 4,
822 4129 885 4210 31),

249 4229 327 4286 quae
348 4217 474 4289 recepta
505 4215 661 4274 sententia
691 4222 740 4274 est
764 4215 884 4294 (Rota,

250 4289 307 4363 III,
320 4291 370 4363 38,
389 4291 449 4369 13).
468 4293 546 4359 Quin
563 4311 623 4352 una
638 4294 784 4353 suffieitsi
801 4312 887 4370 prae-

249 4377 390 4432 sentatus
411 4373 531 4432 vixerit
552 4377 619 4433 toto
639 4380 778 4449 tempore
805 4391 824 4431 a
845 4375 885 4433 le·

941 4055 1111 4116 contulerit
1129 4053 1181 4134 (V.
1195 4057 1214 4130 ἓ
1228 4055 1278 4128 30,
1296 4075 1326 4114 n.
1343 4055 1404 4133 41),
1428 4073 1486 4112 non
1501 4051 1528 4110 si
1542 4045 1579 4106 ad

941 4135 1223 4212 praesentationem
1252 4137 1395 4206 alterium
1418 4152 1493 4194 nam
1521 4131 1580 4188 bac

941 4215 1183 4291 interrumpitur
1205 4217 1366 4291 possessio.

1002 4293 1102 4354 Porro
1123 4297 1313 4370 potentiores
1333 4293 1473 4370 accipere
1493 4289 1580 4349 debe-

942 4392 1009 4432 mus
1030 4375 1155 4448 eosqui
1177 4375 1208 4434 in
1231 4375 1297 4434 loeo
1318 4372 1459 4433 beneficii
1474 4381 1579 4448 perpe·

250 4451 339 4528 gibus
372 4453 533 4528 requisitu,
570 4471 677 4530 nempe
701 4456 739 4514 40
769 4453 820 4512 vel
848 4453 887 4513 50
940 4455 1430 4522 tuamiurisdietionembabent‚
1447 4445 1587 4518 nobiles„

250 4531 339 4589 anuis
353 4531 507 4610 (Vitian,
523 4533 580 4604 XI,
592 4535 621 4592 4.
637 4578 644 4592 .
659 4578 666 4594 .
686 4554 715 4606 .;
733 4535 777 4593 De
791 4533 885 4604 Luca,

250 4611 300 4680 57,
323 4611 387 4689 39).
412 4611 526 4671 Verum
557 4613 584 4672 si
611 4613 677 4674 alia
702 4617 887 4672 concurrant

941 4535 1083 4605 barones,
1114 4535 1278 4611 Episcopos
1308 4538 1368 4592 etc.
1398 4531 1445 4612 (S.
1470 4531 1505 4599 0,
1529 4525 1577 4591 0.,

942 4614 1021 4690 apud
1034 4613 1182 4686 Barbosa3
1195 4612 1300 4683 Italis,
1317 4613 1355 4683 V,
1371 4611 1422 4684 38,
1439 4613 1483 4694 4),
1500 4620 1579 4668 eom·
