3530 5124
663 768 1064 972 INDEX!

796 1087 900 1098 —u--n

178 1644 364 1704 lurnooucno
384 1687 926 1704 .............
930 1657 934 1666 ·
964 1689 970 1702 .
1008 1690 1014 1703 .
1053 1687 1060 1701 .
1100 1689 1134 1736 ¹.
1142 1687 1328 1702 .....
1364 1661 1428 1717 pop.
1485 1645 1518 1701 ’ὅ

726 1949 913 2026 mmm
932 1949 966 2004 1.

432 2138 482 2176 DE
499 2137 624 2198 REBUVS
642 2136 785 2183 SACRIS,
801 2137 1015 2179 RELIGIOSIS
1032 2139 1078 2176 ET
1097 2138 1268 2180 SANCTIS.

393 2310 603 2367 Titnunnlus
622 2311 644 2364 l.
667 2339 680 2350 ·
704 2311 747 2366 DE
767 2310 869 2367 LOCIS
887 2311 1013 2368 saulus
1032 2311 1077 2366 ET
1098 2311 1296 2369 RELIGIOSIS

250 2471 320 2526 dan.
340 2471 360 2526 l.
406 2471 646 2538 Quemadmodum
667 2486 711 2529 res
731 2471 887 2529 efficiantur
907 2486 1003 2528 saonae
1012 2494 1423 2530 ..........
1502 2473 1519 2528 l

251 2559 320 2616 Anr.
340 2559 374 2615 ll.
407 2561 446 2617 lle
466 2559 592 2621 locorum
612 2575 759 2633 rerumque
778 2575 920 2618 sacrarum
934 2561 1124 2619 execratione·
1147 2582 1425 2618 .......
1488 2561 1519 2616 ll

250 2648 319 2704 dnn.
339 2648 386 2704 lll.
407 2649 445 2704 lle
465 2663 558 2706 rerum
578 2663 720 2707 sacrarum
740 2649 900 2716 violatione,
919 2666 969 2707 seu
988 2651 1023 2708 de
1042 2650 1190 2720 sacrilegio
1237 2673 1425 2708 .....
1487 2649 1521 2708 15

413 2844 624 2902 TRACTATUS
644 2845 677 2900 ll.
692 2873 704 2885 -
720 2845 767 2901 DE
787 2843 986 2901 BENEFICHS
1005 2843 1290 2902 ucunnsmsrluls

179 3017 257 3074 GAP.
277 3017 297 3074 l.
317 3017 358 3074 De
378 3033 584 3076 nuuarroroauu
604 3035 728 3086 narum,
749 3036 911 3088 nuecelone,
932 3037 1034 3080 unione
1053 3037 1105 3079 nnc
1108 3043 1424 3080 ........
1485 3017 1521 3077 20

251 3107 320 3164 Am.
340 3107 360 3164 I.
408 3109 446 3165 lle
466 3108 667 3166 beneficiorum
688 3117 817 3169 natura·
829 3134 1421 3169 ..............
1482 3111 1520 3166 in.

248 3199 319 3256 Aer.
339 3198 372 3254 ll.
404 3199 443 3254 De
463 3199 663 3256 banelloiorum
682 3201 831 3268 erectione,
851 3203 1059 3272 suppressione,
1079 3202 1182 3259 unione
1202 3211 1229 3258 et
1248 3202 1394 3258 divisione.
1414 3222 1424 3249 ι
1485 3201 1521 3258 22

250 3287 319 3346 Aur.
339 3289 386 3344 lll.
406 3290 446 3344 De
466 3290 525 3346 iure
545 3297 707 3360 patronatus
746 3313 1424 3350 ................
1484 3290 1521 3347 26

179 3373 256 3434 CAP.
276 3377 310 3433 ll.
331 3377 371 3434 [ln
390 3392 545 3434 sunericus
567 3393 757 3436 cournnnnots
785 3423 792 3436 .
831 3422 836 3435 .
875 3422 881 3434 .
919 3405 925 3434 -.
965 3418 1373 3436 ..........
1414 3400 1432 3426 »-
1486 3377 1521 3434 54

249 3467 319 3523 Aur.
338 3467 359 3522 l.
411 3469 530 3534 Quinam
551 3467 687 3526 benotioia
706 3469 832 3526 conterre
852 3471 959 3540 possint
1010 3512 1373 3526 .........
1390 3489 1422 3548 ,ι
1483 3469 1521 3525 ib.

250 3556 321 3612 Anu.
333 3557 375 3628 ll.
407 3557 446 3612 lle
467 3558 663 3628 promovendis
683 3559 717 3615 ad
736 3559 927 3618 aeclesiastica
946 3559 1082 3616 benetieia
1101 3579 1422 3618 ........
1484 3557 1519 3614 ll

251 3643 321 3701 dnn.
339 3645 387 3700 111.
407 3645 548 3702 Beneficia
566 3647 800 3716 quemadmodum
820 3649 876 3706 sint
895 3649 1062 3706 eonferenda
1100 3667 1425 3705 ........
1487 3643 1522 3700 45

357 3736 505 3806 Appendix
526 3737 545 3793 l.
591 3765 609 3776 -
630 3737 668 3794 lle
687 3751 826 3795 oononrsu
834 3777 1375 3794 .............
1416 3757 1426 3782 »
1487 3731 1521 3789 lu

357 3825 506 3895 Appennini
526 3825 559 3880 ll.
590 3855 605 3863 -
627 3825 734 3896 Regula
752 3827 786 3884 de
806 3828 937 3884 triennali
970 3845 1427 3884 ...........
1487 3821 1523 3877 55

357 3914 504 3984 Appendin
523 3913 571 3968 lll.
594 3942 608 3953 -
630 3915 668 3970 De
688 3914 773 3990 uetita
792 3915 993 3972 beneficiorum
1013 3915 1171 3984 pluralitate
1191 3931 1425 3969 ......
1486 3909 1523 3966 55

179 3999 257 4057 GAP.
277 4001 323 4058 lll.
344 4003 496 4060 Bennrrcm
517 4017 734 4060 neonnsmsrroa
753 4017 886 4068 ououooo
908 4017 1021 4060 vaonnn
1057 4021 1426 4059 .........
1487 3997 1522 4054 58

180 4088 258 4147 GAP.
278 4093 325 4149 lv.
343 4093 385 4150 Dn
405 4107 514 4150 runreus
534 4109 568 4151 nn
588 4107 820 4152 oonronrtonusus
839 4107 1016 4150 aaunrromrr
1058 4132 1376 4148 ........
1415 4109 1426 4136 ι
1488 4089 1523 4144 65

250 4181 398 4239 neronom
408 4213 425 4220 -
435 4183 475 4238 lle
487 4183 530 4238 his
544 4197 615 4252 quae
630 4181 775 4239 benefieiis
788 4180 987 4238 ecelesiasticis
1001 4192 1114 4251 quoquo
1128 4179 1211 4236 modo
1224 4177 1320 4235 affinia
1332 4183 1396 4234 sunt
1418 4199 1428 4226 ι
1490 4175 1529 4231 ll·

321 4270 391 4326 Anr.
410 4271 432 4326 l.
477 4271 516 4326 lle
537 4271 637 4340 legatis
657 4270 719 4341 piis,
739 4269 919 4339 capellaniis,
945 4268 1057 4324 vicariis
1085 4274 1113 4324 et
1139 4266 1323 4337 pensionibus
1348 4266 1435 4322 eoele-

392 4359 515 4415 siastieis
562 4376 1430 4424 ....................
1487 4353 1523 4412 io.

323 4449 394 4504 dnn.
414 4448 447 4505 ll.
479 4449 519 4504 lle
539 4449 694 4520 legatorum
714 4446 848 4505 oneribus
868 4443 1055 4510 moderandis,
1074 4443 1119 4500 vel
1138 4443 1295 4502 adimendis
1330 4487 1335 4498 .
1374 4487 1380 4500 .
1419 4463 1428 4490 ι
1490 4442 1524 4498 78

323 4537 393 4594 nnn.
414 4537 461 4593 lll.
484 4537 522 4594 lle
541 4537 624 4594 rebus
644 4535 787 4614 Eoolesiae
806 4532 970 4601 alienandis,
989 4531 1033 4590 vel
1052 4545 1110 4588 non
1148 4552 1426 4589 .......
1487 4529 1525 4588 80

325 4627 395 4685 dnn.
414 4627 462 4684 lv.
481 4629 520 4684 De
539 4627 653 4684 Peoulio
673 4625 840 4682 Clerieorum
880 4642 1427 4680 .............
1489 4620 1522 4678 et
