3536 5124
259 265 325 334 tot
592 287 681 332 tinen
706 287 752 332 ιιι.
771 303 792 314 -
808 285 924 331 aanor.
952 283 994 330 vr.
1021 285 1061 330 oa
1085 285 1282 332 canarno-uo

262 381 394 452 dirimit
412 383 494 471 (31),
520 387 556 450 et
577 391 694 450 voluto
718 381 888 452 eastitatis
920 381 1074 450 solemne
1097 381 1180 470 (55).
1211 386 1339 452 Votum
1369 381 1515 470 simplex
1542 399 1604 450 eas

263 487 407 578 impedit
429 487 554 574 solum,
580 487 644 558 etsi
670 489 875 578 perlectum,
901 493 937 557 et
959 493 1164 577 perpetuum
1189 487 1305 572 luerit,
1331 492 1366 556 et
1388 487 1432 556 ab
1455 493 1602 578 utroque

262 593 427 663 emissum
444 594 527 682 (36))
552 600 699 682 excepto
723 615 764 663 eo
787 593 890 685 quod,
916 599 994 682 post
1016 593 1231 682 tyrocinium
1255 591 1435 679 biennale,
1466 613 1603 672 nuncu·

261 705 364 790 patur
386 721 406 768 a
430 698 573 768 novitiis
590 699 771 768 societatis
795 705 871 768 lesu
890 701 973 787 (57).
994 705 1036 770 Et
1059 701 1188 770 nedum
1206 707 1335 772 votum
1351 698 1521 770 castitatis
1537 699 1603 768 im·

261 805 356 896 pedit
379 805 529 896 nuptias,
555 807 613 876 sed
637 813 673 876 et
696 813 818 876 votum
842 806 1087 895 ingrediendae
1111 807 1296 896 religionis,
1323 809 1379 877 rel
1394 805 1604 895 suscipiendi

261 913 400 982 ordines
424 933 550 999 sacros,
577 912 633 982 vel
657 935 728 983 non
754 913 905 983 nubendi
929 915 1012 1004 (58lz
1039 922 1074 982 et
1106 914 1248 1003 planum
1284 921 1348 984 est.
1383 913 1447 996 Qui
1480 919 1601 982 autem

264 1021 419 1090 obstricti
445 1021 564 1091 ordine
588 1042 698 1108 sacro,
729 1026 790 1091 aut
818 1021 964 1091 solemni
1000 1020 1170 1090 castitatis
1207 1028 1289 1090 roto
1322 1019 1601 1105 matrimonium,

261 1127 316 1196 vel
341 1133 479 1198 tantum
503 1128 607 1197 civile
626 1131 692 1218 (39)
719 1130 937 1213 contrahere,
962 1127 1089 1220 quique
1113 1148 1194 1197 cum
1217 1127 1268 1197 eis
1283 1129 1488 1198 contrahere
1504 1145 1604 1214 prae·

126 1218 134 1242 ⁸
260 1240 416 1318 sumunt,
431 1233 616 1302 incurrunt
632 1234 1032 1304 excommunicationem
1044 1233 1236 1304 Ordinariis
1252 1239 1464 1304 reservatam
1481 1235 1600 1324 (Prot,

261 1339 382 1426 5595,
408 1359 443 1408 n.
473 1342 517 1426 1).
544 1341 609 1423 Qui
637 1362 721 1410 vero
744 1341 891 1432 simplici
921 1341 1090 1411 castitatis
1114 1346 1181 1412 etc.
1213 1347 1296 1410 voto
1323 1347 1405 1412 sunt
1427 1338 1600 1424 obstricti,

260 1443 387 1536 quique
411 1466 492 1515 cum
516 1447 577 1533 eis,
603 1447 637 1516 id
661 1447 822 1534 scienteS,
848 1448 1111 1521 matrimonlum
1132 1453 1360 1534 contrahunt,
1386 1453 1534 1537 peccant
1549 1447 1597 1516 le·

261 1552 378 1651 taliter
402 1555 531 1625 nedum
556 1577 636 1626 cum
660 1558 884 1643 contrahunt,
910 1559 968 1626 sed
992 1557 1127 1648 quoties
1151 1565 1275 1648 petunt
1291 1559 1373 1645 (10).

615 1759 634 1834 ἓ
658 1753 690 1820 1.
727 1755 774 1820 De
800 1755 1173 1822 camaracenorum.

315 1919 392 1988 136.
420 1917 682 1990 Matrimonium
705 1919 747 1988 ad
771 1926 933 1989 mutuum
958 1921 1051 1990 vitae
1074 1920 1284 1990 adiutorium
1309 1919 1501 1988 ineundum
1527 1917 1596 1987 luit

259 2027 460 2096 institutum
487 2035 519 2112 (ἓ
542 2029 622 2112 lit,
647 2050 682 2098 n.
709 2029 757 2115 8);
784 2027 870 2098 nihil
894 2027 999 2118 igitur
1022 2028 1052 2098 el
1076 2035 1149 2098 tam
1173 2027 1386 2098 contrarium
1411 2033 1475 2112 est,
1493 2047 1601 2118 quam

260 2155 304 2202 ex
328 2132 401 2222 ipso
426 2133 581 2202 nancisci
598 2134 789 2223 periculum
806 2155 866 2202 seu
882 2135 1075 2224 religionis,
1094 2138 1309 2222 seu'copilt'a.
1329 2139 1379 2202 Ne
1395 2131 1477 2225 quid
1493 2133 1602 2222 igitur

256 2240 415 2308 alterutri
441 2239 669 2308 metuendum
692 2245 795 2326 esset,
822 2240 959 2330 utrique
976 2239 1156 2330 speciatim
1173 2245 1314 2309 cautum
1335 2245 1399 2310 est:
1419 2241 1598 2330 religioni.

256 2342 446 2414 catholicos
468 2365 488 2412 a
513 2365 583 2414 non
615 2343 864 2414 catholicorum
900 2345 1031 2434 nuptiis
1065 2346 1215 2416 arcendo
1243 2347 1303 2434 (l),
1340 2351 1451 2435 copiti
1479 2355 1600 2418 autem

316 2547 381 2628 (34)
395 2549 454 2610 CO.
470 2545 497 2620 1,
514 2547 545 2616 2,
560 2547 624 2610 Qui
636 2547 721 2606 Clcr.
740 2549 791 2604 vel
809 2545 900 2616 Voo.‚·
954 2547 1024 2607 viro
1043 2549 1080 2608 de
1092 2565 1237 2608 consensu
1251 2549 1347 2626 ipsius
1360 2568 1464 2610 sacros
1474 2553 1599 2612 ordines

257 2629 355 2700 Trid,
378 2627 493 2700 XXIV,
517 2629 593 2688 (lan.
616 2630 646 2688 9.
671 2628 742 2686 Nisi
757 2627 900 2703 re'ceptus
955 2630 1144 2705 suscipiente
1164 2627 1212 2708 (O.
1232 2629 1279 2700 10,
1307 2629 1384 2688 Dist.
1409 2629 1469 2708 28).
1500 2633 1600 2699 Quae·

257 2707 353 2767 fuerit
374 2725 413 2766 ex
435 2713 519 2768 metu
541 2709 633 2782 gravi
652 2707 699 2787 (S.
717 2705 824 2782 Alpb,
842 2709 897 2778 Vl,
954 2709 1065 2768 ationis
1096 2713 1144 2766 est
1175 2725 1213 2765 an
1242 2711 1372 2768 dirimat
1403 2713 1497 2770 etiem
1529 2719 1601 2790 poet

256 2785 338 2864 811).
362 2789 403 2847 Et
423 2788 521 2846 etiam
542 2789 619 2863 apud
648 2803 786 2863 graecos,
820 2791 898 2862 quod
955 2794 1085 2847 mortem
1103 2789 1178 2860 viri3
1195 2789 1490 2860 affirmetSanchet,
1503 2799 1600 2869 negat

256 2867 331 2926 olim
353 2869 412 2925 ιίἰιι
429 2869 637 2944 rnttltumqtte
652 2869 814 2942 capitatam
830 2870 901 2942 fnit
953 2867 1082 2928 Pontius
1097 2866 1148 2944 (V.
1167 2869 1200 2928 S.
1218 2868 1326 2946 Alph„
1343 2869 1397 2940 VI,
1414 2869 1497 2950 812):
1512 2877 1599 2932 utra·

255 2945 345 3028 (Ben.
370 2946 455 3018 XIV,
480 2949 512 3007 G.
539 2946 587 3004 Ido
608 2949 770 3024 quamvis,
785 2950 804 3006 l
819 2947 898 3007 Maii
952 2965 1009 3022 que
1024 2947 1178 3006 sententia
1193 2959 1242 3008 est
1256 2949 1438 3025 probabilis3
1455 2952 1507 3009 sed
1519 2953 1601 3010 Pon·

257 3026 365 3105 1745),
389 3027 514 3086 dirimit
537 3027 584 3106 (S.
612 3031 646 3104 C,
672 3028 715 3084 lle
738 3027 894 3104 Propag,
952 3028 990 3086 tii
1014 3028 1158 3086 fortassis
1179 3033 1228 3088 est
1250 3030 1366 3088 verior.

212 3177 214 3186 Ι
255 3109 340 3166 iussu
360 3107 413 3166 Pii
427 3105 484 3176 IX,
501 3105 540 3164 24
556 3107 651 3166 Mart.
671 3103 758 3178 185&
777 3107 895 3179 S.U.l.,
1011 3107 1076 3186 (38)
1097 3105 1136 3166 V.
1155 3107 1334 3183 Reginam„
1357 3107 1408 3178 31,
1427 3108 1495 3170 185.
1530 3111 1598 3170 Nee

254 3187 295 3247 32
316 3187 440 3246 Decem.
474 3185 562 3258 18753
594 3189 632 3246 V.
658 3185 694 3244 L.
721 3189 770 3258 -l5,
793 3189 827 3248 Ο.
850 3188 898 3249 De
951 3193 1100 3248 excusant
1121 3187 1158 3244 ab
1179 3189 1343 3248 obtinenda
1364 3189 1599 3264 dispensatione

260 3267 366 3344 Episc.
392 3267 574 3345 stataria).
952 3267 1055 3325 carnis
1089 3267 1223 3338 stimuli,
1260 3269 1320 3328 etsi
1354 3268 1506 3341 diuturni,
1545 3269 1598 3330 vel

313 3345 380 3428 (35)
407 3347 441 3408 O.
469 3346 517 3420 10,
547 3347 595 3406 De
627 3346 724 3404 Cone.
762 3349 894 3421 conirtp.
951 3347 1099 3406 acriores:
1112 3347 1246 3420 scilicet,
1263 3365 1355 3406 eausa
1370 3351 1519 3424 petendae
1534 3351 1599 3410 dis·

252 3457 274 3474 -
284 3427 445 3486 Solemae.
464 3427 532 3486 Non
548 3427 646 3504 igitur
659 3425 811 3484 dirimunt
824 3433 897 3486 vota
951 3426 1142 3502 pausationis
1164 3445 1222 3484 non
1238 3431 1287 3485 est
1299 3427 1489 3503 dispensatio
1503 3427 1599 3508 (San-

253 3523 331 3582 quae
364 3507 583 3583 religiosarum
620 3508 895 3581 congregationum
951 3505 1036 3576 chet,
1061 3507 1132 3578 VII,
1145 3507 1202 3578 XI,
1219 3505 1261 3583 ll).
1723 3522 1729 3533 ·

253 3586 329 3657 viri,
352 3604 405 3644 seu
428 3586 574 3644 mulieres
596 3587 688 3644 edunt
712 3586 764 3660 (V.
792 3587 893 3657 Prol.,
1009 3585 1074 3665 (39)
1096 3589 1128 3648 S.
1155 3588 1193 3646 U.
1221 3587 1260 3658 Ι.,
1292 3585 1332 3646 22
1357 3589 1481 3648 Decem.
1517 3589 1597 3651 1880
1724 3580 1730 3591 '

253 3666 358 3740 5187,
381 3683 411 3723 n.
435 3665 497 3741 38),
532 3683 609 3740 quae
631 3667 798 3741 Beguinae,
821 3669 896 3726 Ter·
950 3665 986 3722 ad
1011 3665 1052 3724 1¹.

252 3747 379 3816 tiariae,
403 3744 609 3806 Mantellatee
633 3753 745 3804 vovent
771 3747 802 3804 in
831 3763 895 3804 ma·
1008 3745 1075 3825 (40)
1095 3745 1243 3818 Lehmk.,
1260 3747 1331 3818 719,
1348 3747 1405 3806 Ill.
1424 3748 1483 3806 Vel
1500 3749 1529 3807 ei
1546 3767 1599 3829 pe·

252 3827 341 3884 nibus
383 3825 555 3895 ordinarii,
598 3825 673 3886 licet
714 3825 896 3886 solemniter
948 3830 1018 3886 tunt
1040 3827 1092 3902 qui
1114 3826 1192 3886 illud
1213 3845 1266 3885 suo
1287 3828 1354 3888 iure
1378 3828 1507 3904 exigere
1531 3847 1593 3887 non

251 3903 372 3982 (Pont,
396 3905 452 3975 IX,
476 3903 518 3980 8).
552 3907 616 3964 Nec
643 3911 718 3966 vota
739 3906 895 3982 simplicia
948 3910 1051 3982 potest
1070 3905 1192 3986 (Iam.
1208 3905 1251 3985 2):
1275 3909 1325 3966 sed
1341 3907 1399 3965 hoc
1413 3925 1480 3966 cum
1496 3925 1598 3984 grano

252 3985 440 4046 solemnibus
469 3986 696 4059 praemittenda
730 3985 892 4062 (Prolog,
947 3985 1023 4044 salis
1045 3987 1254 4062 accipiendum
1277 3995 1348 4062 puto
1369 3989 1407 4046 ad
1430 3987 1595 4047 vitandum

252 4063 355 4140 5103,
373 4085 401 4122 n.
423 4065 465 4143 7).
484 4064 651 4124 Gastttatis
674 4083 780 4140 nempe
795 4067 894 4141 perl'e-
947 4064 1191 4125 incontinentiae
1232 4065 1364 4124 alterius
1405 4066 1593 4142 periculum.

251 4149 332 4214 ctae,
348 4145 416 4203 ideo
431 4164 488 4204 non
510 4145 660 4203 dirimunt
676 4153 748 4204 vota
761 4147 894 4203 castita·
948 4144 1031 4210 Quod
1053 4153 1156 4205 autem
1179 4148 1267 4205 docet
1288 4148 1374 4220 Gurg
1394 4165 1463 4206 eum
1478 4157 1511 4208 et
1526 4149 1596 4206 red·

251 4227 292 4282 tis
317 4228 506 4302 contegitis
527 4225 727 4300 quorumdam
752 4227 891 4284 ordinum
947 4226 1019 4282 dere
1041 4233 1072 4284 et
1103 4229 1208 4302 petere
1229 4243 1327 4302 posse,
1357 4227 1430 4302 quie
1452 4227 1597 4302 impossi-

251 4305 441 4380 equestrium
456 4303 638 4384 (Schmalz.,
656 4303 710 4374 lV,
726 4304 757 4375 6,
773 4303 836 4381 45).
946 4305 1020 4364 bilis
1042 4305 1128 4365 lacta
1155 4313 1204 4366 est
1236 4307 1302 4366 voti
1327 4306 1491 4383 obligatio,
1515 4307 1595 4366 milii

311 4383 376 4464 (36)
398 4388 494 4446 Ero.
511 4387 541 4446 d.
560 4385 624 4448 Qui
639 4384 723 4442 Cler.
740 4387 788 4442 orel
803 4385 893 4454 Voo.;
946 4385 1072 4444 difficile
1094 4390 1152 4444 est.

251 4465 378 4536 Saron,
402 4466 473 4536 Vll,
491 4465 546 4536 XI,
566 4465 614 4524 10.
1006 4463 1052 4542 (1)
1076 4465 1238 4529 Orromodo
1272 4475 1377 4542 potest
1410 4484 1593 4537 conprncre

311 4545 377 4624 (37)
398 4549 492 4623 (lreg.
518 4545 604 4618 Xlll,
627 4543 662 4604 C.
685 4543 892 4605 decendente
946 4549 1070 4604 coritas
1093 4547 1151 4604 cdi
1172 4548 1339 4622 discrepat
1358 4549 1440 4626 fides
1454 4547 1501 4626 (S.
1519 4553 1593 4605 :lm-

250 4623 399 4685 Domz'oo.
423 4628 464 4686 Et
485 4645 520 4685 eo
534 4627 612 4701 quod
626 4624 747 4686 emittit
762 4625 886 4696 mulier,
946 4627 1041 4698 bros,
1058 4627 1127 4686 Lib.
1144 4627 1176 4700 2,
1187 4629 1266 4704 'Gap
1282 4629 1313 4700 9,
1329 4629 1377 4688 De
1390 4627 1586 4705 Abrabam).
