<?xml version="1.0" encoding="UTF-8"?>
<!DOCTYPE html PUBLIC "-//W3C//DTD XHTML 1.0 Transitional//EN"
    "http://www.w3.org/TR/xhtml1/DTD/xhtml1-transitional.dtd">
<html xmlns="http://www.w3.org/1999/xhtml" xml:lang="en" lang="en">
 <head>
  <title>
</title>
<meta http-equiv="Content-Type" content="text/html;charset=utf-8" />
  <meta name='ocr-system' content='tesseract 3.04.00' />
  <meta name='ocr-capabilities' content='ocr_page ocr_carea ocr_par ocr_line ocrx_word'/>
</head>
<body>
  <div class='ocr_page' id='page_1' title='image "./summulatheologi02annigoog_0328.png"; bbox 0 0 3536 5124; ppageno 0'>
   <div class='ocr_carea' id='block_1_1' title="bbox 294 257 1438 352">
    <p class='ocr_par' dir='ltr' id='par_1_1' title="bbox 294 257 1438 352">
     <span class='ocr_line' id='line_1_1' title="bbox 294 257 1438 352; baseline -0.001 -26"><span class='ocrx_word' id='word_1_1' title='bbox 294 257 365 352; x_wconf 54' lang='lat' dir='ltr'>tat,</span> <span class='ocrx_word' id='word_1_2' title='bbox 437 331 439 340; x_wconf 51' lang='grc'>,</span> <span class='ocrx_word' id='word_1_3' title='bbox 502 279 592 325; x_wconf 78' lang='lat' dir='ltr'>trena</span> <span class='ocrx_word' id='word_1_4' title='bbox 616 278 663 324; x_wconf 87' lang='lat' dir='ltr'>ru.</span> <span class='ocrx_word' id='word_1_5' title='bbox 682 295 703 306; x_wconf 96' lang='lat'>-</span> <span class='ocrx_word' id='word_1_6' title='bbox 719 279 835 325; x_wconf 74' lang='lat' dir='ltr'>anaor.</span> <span class='ocrx_word' id='word_1_7' title='bbox 862 279 905 325; x_wconf 86' lang='lat' dir='ltr'>rr.</span> <span class='ocrx_word' id='word_1_8' title='bbox 931 280 971 324; x_wconf 86' lang='lat' dir='ltr'>ne</span> <span class='ocrx_word' id='word_1_9' title='bbox 995 279 1202 326; x_wconf 79' lang='lat' dir='ltr'>saucrrssuta</span> <span class='ocrx_word' id='word_1_10' title='bbox 1227 279 1438 326; x_wconf 77' lang='lat' dir='ltr'>nncnnnrsrrn</span> 
     </span>
    </p>
   </div>
   <div class='ocr_carea' id='block_1_2' title="bbox 201 357 1739 1108">
    <p class='ocr_par' dir='ltr' id='par_1_2' title="bbox 201 357 1739 1108">
     <span class='ocr_line' id='line_1_2' title="bbox 295 357 1739 472; baseline 0.003 -24"><span class='ocrx_word' id='word_1_11' title='bbox 295 379 377 449; x_wconf 88' lang='lat' dir='ltr'>dam</span> <span class='ocrx_word' id='word_1_12' title='bbox 404 379 660 469; x_wconf 74' lang='lat' dir='ltr'>praeceptivae,</span> <span class='ocrx_word' id='word_1_13' title='bbox 685 384 721 448; x_wconf 89' lang='lat' dir='ltr'>et</span> <span class='ocrx_word' id='word_1_14' title='bbox 743 357 921 471; x_wconf 84' lang='lat' dir='ltr'>quaedam¹</span> <span class='ocrx_word' id='word_1_15' title='bbox 942 380 1132 452; x_wconf 88' lang='lat' dir='ltr'>directivae</span> <span class='ocrx_word' id='word_1_16' title='bbox 1155 401 1229 451; x_wconf 90' lang='lat' dir='ltr'>esse</span> <span class='ocrx_word' id='word_1_17' title='bbox 1252 379 1418 452; x_wconf 89' lang='lat' dir='ltr'>dicuntur</span> <span class='ocrx_word' id='word_1_18' title='bbox 1443 381 1506 468; x_wconf 82' lang='grc'>(5);</span> <span class='ocrx_word' id='word_1_19' title='bbox 1532 401 1630 472; x_wconf 89' lang='lat' dir='ltr'>quae-</span> <span class='ocrx_word' id='word_1_20' title='bbox 1738 419 1739 422; x_wconf 34' lang='lat'>¹</span> 
     </span>
     <span class='ocr_line' id='line_1_3' title="bbox 294 485 1630 579; baseline 0.001 -21"><span class='ocrx_word' id='word_1_21' title='bbox 294 507 377 558; x_wconf 91' lang='lat' dir='ltr'>nam</span> <span class='ocrx_word' id='word_1_22' title='bbox 401 486 491 572; x_wconf 90' lang='lat' dir='ltr'>illae,</span> <span class='ocrx_word' id='word_1_23' title='bbox 516 506 690 578; x_wconf 80' lang='lat' dir='ltr'>quaenam</span> <span class='ocrx_word' id='word_1_24' title='bbox 714 488 791 573; x_wconf 88' lang='lat' dir='ltr'>hae,</span> <span class='ocrx_word' id='word_1_25' title='bbox 818 485 911 556; x_wconf 88' lang='lat' dir='ltr'>inter</span> <span class='ocrx_word' id='word_1_26' title='bbox 934 493 1076 558; x_wconf 81' lang='lat' dir='ltr'><strong>Nostros</strong></span> <span class='ocrx_word' id='word_1_27' title='bbox 1099 509 1171 559; x_wconf 92' lang='lat' dir='ltr'>non</span> <span class='ocrx_word' id='word_1_28' title='bbox 1195 489 1278 560; x_wconf 88' lang='lat' dir='ltr'>satis</span> <span class='ocrx_word' id='word_1_29' title='bbox 1302 488 1489 558; x_wconf 90' lang='lat' dir='ltr'>convenit:</span> <span class='ocrx_word' id='word_1_30' title='bbox 1523 491 1630 579; x_wconf 89' lang='lat' dir='ltr'>placet</span> 
     </span>
     <span class='ocr_line' id='line_1_4' title="bbox 297 593 1633 685; baseline 0.002 -20"><span class='ocrx_word' id='word_1_31' title='bbox 297 595 509 665; x_wconf 81' lang='lat' dir='ltr'>sententiam</span> <span class='ocrx_word' id='word_1_32' title='bbox 535 594 672 680; x_wconf 86' lang='lat' dir='ltr'>Merati,</span> <span class='ocrx_word' id='word_1_33' title='bbox 699 593 832 681; x_wconf 86' lang='lat' dir='ltr'>Quarti,</span> <span class='ocrx_word' id='word_1_34' title='bbox 850 601 885 664; x_wconf 89' lang='lat' dir='ltr'>ct</span> <span class='ocrx_word' id='word_1_35' title='bbox 900 599 932 664; x_wconf 91' lang='lat' dir='ltr'>S.</span> <span class='ocrx_word' id='word_1_36' title='bbox 952 594 1116 685; x_wconf 71' lang='lat' dir='ltr'>alphonsi</span> <span class='ocrx_word' id='word_1_37' title='bbox 1140 594 1431 682; x_wconf 84' lang='lat' dir='ltr'>existimantium,</span> <span class='ocrx_word' id='word_1_38' title='bbox 1449 595 1633 668; x_wconf 84' lang='lat' dir='ltr'>directivaa</span> 
     </span>
     <span class='ocr_line' id='line_1_5' title="bbox 296 700 1632 792; baseline 0.001 -21"><span class='ocrx_word' id='word_1_39' title='bbox 296 719 370 771; x_wconf 88' lang='lat' dir='ltr'>csse</span> <span class='ocrx_word' id='word_1_40' title='bbox 386 720 475 792; x_wconf 89' lang='lat' dir='ltr'>quae</span> <span class='ocrx_word' id='word_1_41' title='bbox 499 700 643 769; x_wconf 89' lang='lat' dir='ltr'>tradunt</span> <span class='ocrx_word' id='word_1_42' title='bbox 666 720 706 770; x_wconf 89' lang='lat' dir='ltr'>ea</span> <span class='ocrx_word' id='word_1_43' title='bbox 729 721 818 791; x_wconf 86' lang='lat' dir='ltr'>quae</span> <span class='ocrx_word' id='word_1_44' title='bbox 842 705 924 769; x_wconf 90' lang='lat' dir='ltr'>ante</span> <span class='ocrx_word' id='word_1_45' title='bbox 949 701 1005 769; x_wconf 88' lang='lat' dir='ltr'>vel</span> <span class='ocrx_word' id='word_1_46' title='bbox 1028 708 1106 790; x_wconf 88' lang='lat' dir='ltr'>post</span> <span class='ocrx_word' id='word_1_47' title='bbox 1130 702 1272 772; x_wconf 88' lang='lat' dir='ltr'>missam</span> <span class='ocrx_word' id='word_1_48' title='bbox 1296 701 1428 791; x_wconf 78' lang='lat' dir='ltr'>agenda</span> <span class='ocrx_word' id='word_1_49' title='bbox 1444 701 1632 773; x_wconf 91' lang='lat' dir='ltr'>dicendave</span> 
     </span>
     <span class='ocr_line' id='line_1_6' title="bbox 295 806 1632 898; baseline 0.002 -22"><span class='ocrx_word' id='word_1_50' title='bbox 295 811 389 892; x_wconf 89' lang='lat' dir='ltr'>sunt,</span> <span class='ocrx_word' id='word_1_51' title='bbox 407 811 542 875; x_wconf 88' lang='lat' dir='ltr'>ceteras</span> <span class='ocrx_word' id='word_1_52' title='bbox 558 825 632 876; x_wconf 89' lang='lat' dir='ltr'>esse</span> <span class='ocrx_word' id='word_1_53' title='bbox 648 806 904 895; x_wconf 75' lang='lat' dir='ltr'>praeceptivae,</span> <span class='ocrx_word' id='word_1_54' title='bbox 930 827 971 876; x_wconf 89' lang='lat' dir='ltr'>ac</span> <span class='ocrx_word' id='word_1_55' title='bbox 995 807 1137 896; x_wconf 92' lang='lat' dir='ltr'>proinde</span> <span class='ocrx_word' id='word_1_56' title='bbox 1162 808 1223 878; x_wconf 90' lang='lat' dir='ltr'>has</span> <span class='ocrx_word' id='word_1_57' title='bbox 1246 813 1385 878; x_wconf 89' lang='lat' dir='ltr'>tantum</span> <span class='ocrx_word' id='word_1_58' title='bbox 1409 808 1558 897; x_wconf 80' lang='lat' dir='ltr'>obligare</span> <span class='ocrx_word' id='word_1_59' title='bbox 1573 830 1632 898; x_wconf 92' lang='lat' dir='ltr'>pro</span> 
     </span>
     <span class='ocr_line' id='line_1_7' title="bbox 296 911 1635 1004; baseline 0.001 -24"><span class='ocrx_word' id='word_1_60' title='bbox 296 913 468 1000; x_wconf 78' lang='lat' dir='ltr'>gravitate</span> <span class='ocrx_word' id='word_1_61' title='bbox 499 911 666 982; x_wconf 84' lang='lat' dir='ltr'>materiae</span> <span class='ocrx_word' id='word_1_62' title='bbox 696 913 755 1000; x_wconf 84' lang='grc'>(4).</span> <span class='ocrx_word' id='word_1_63' title='bbox 791 911 1024 981; x_wconf 87' lang='lat' dir='ltr'>Nihilominus</span> <span class='ocrx_word' id='word_1_64' title='bbox 1055 934 1125 982; x_wconf 93' lang='lat' dir='ltr'>non</span> <span class='ocrx_word' id='word_1_65' title='bbox 1156 913 1428 1004; x_wconf 82' lang='lat' dir='ltr'>improbabiliter</span> <span class='ocrx_word' id='word_1_66' title='bbox 1458 914 1635 985; x_wconf 90' lang='lat' dir='ltr'>Suaresius</span> 
     </span>
     <span class='ocr_line' id='line_1_8' title="bbox 201 1017 1631 1108; baseline 0.005 -28"><span class='ocrx_word' id='word_1_67' title='bbox 201 1071 208 1080; x_wconf 74' lang='grc'>.,</span> <span class='ocrx_word' id='word_1_68' title='bbox 294 1023 405 1106; x_wconf 91' lang='lat' dir='ltr'>putat,</span> <span class='ocrx_word' id='word_1_69' title='bbox 423 1037 512 1108; x_wconf 90' lang='lat' dir='ltr'>quae</span> <span class='ocrx_word' id='word_1_70' title='bbox 538 1021 595 1106; x_wconf 76' lang='lat' dir='ltr'>(ex</span> <span class='ocrx_word' id='word_1_71' title='bbox 619 1019 684 1106; x_wconf 87' lang='lat' dir='ltr'>bis)</span> <span class='ocrx_word' id='word_1_72' title='bbox 711 1017 939 1087; x_wconf 89' lang='lat' dir='ltr'>continentur</span> <span class='ocrx_word' id='word_1_73' title='bbox 961 1018 1025 1087; x_wconf 91' lang='lat' dir='ltr'>sub</span> <span class='ocrx_word' id='word_1_74' title='bbox 1048 1021 1113 1088; x_wconf 86' lang='lat' dir='ltr'>Tit.</span> <span class='ocrx_word' id='word_1_75' title='bbox 1132 1058 1154 1070; x_wconf 92' lang='lat'>-</span> <span class='ocrx_word' id='word_1_76' title='bbox 1170 1024 1219 1088; x_wconf 83' lang='lat' dir='ltr'>De</span> <span class='ocrx_word' id='word_1_77' title='bbox 1242 1019 1474 1107; x_wconf 74' lang='lat' dir='ltr'>Defectione·-</span> <span class='ocrx_word' id='word_1_78' title='bbox 1497 1041 1566 1088; x_wconf 80' lang='lat' dir='ltr'>csse</span> <span class='ocrx_word' id='word_1_79' title='bbox 1580 1023 1631 1088; x_wconf 82' lang='lat' dir='ltr'>iu·</span> 
     </span>
    </p>
   </div>
   <div class='ocr_carea' id='block_1_3' title="bbox 292 1122 1739 1216">
    <p class='ocr_par' dir='ltr' id='par_1_3' title="bbox 292 1122 1739 1216">
     <span class='ocr_line' id='line_1_9' title="bbox 292 1122 1739 1216; baseline 0.001 -26"><span class='ocrx_word' id='word_1_80' title='bbox 292 1127 498 1191; x_wconf 74' lang='lat' dir='ltr'>structiones</span> <span class='ocrx_word' id='word_1_81' title='bbox 520 1122 743 1208; x_wconf 74' lang='lat' dir='ltr'>doctrinales,</span> <span class='ocrx_word' id='word_1_82' title='bbox 762 1144 853 1213; x_wconf 83' lang='lat' dir='ltr'>quoe</span> <span class='ocrx_word' id='word_1_83' title='bbox 869 1145 949 1192; x_wconf 79' lang='lat' dir='ltr'>coc</span> <span class='ocrx_word' id='word_1_84' title='bbox 973 1129 1089 1214; x_wconf 73' lang='lat' dir='ltr'>mepte</span> <span class='ocrx_word' id='word_1_85' title='bbox 1111 1127 1269 1214; x_wconf 78' lang='lat' dir='ltr'>oblipcct</span> <span class='ocrx_word' id='word_1_86' title='bbox 1291 1146 1399 1216; x_wconf 84' lang='lat' dir='ltr'>quum</span> <span class='ocrx_word' id='word_1_87' title='bbox 1416 1127 1631 1194; x_wconf 76' lang='lat' dir='ltr'>doctrinata</span> <span class='ocrx_word' id='word_1_88' title='bbox 1737 1143 1739 1174; x_wconf 80' lang='lat'>÷</span> 
     </span>
    </p>
   </div>
   <div class='ocr_carea' id='block_1_4' title="bbox 293 1225 1634 1642">
    <p class='ocr_par' dir='ltr' id='par_1_4' title="bbox 293 1225 1634 1642">
     <span class='ocr_line' id='line_1_10' title="bbox 295 1225 1633 1321; baseline 0.004 -26"><span class='ocrx_word' id='word_1_89' title='bbox 295 1245 366 1317; x_wconf 84' lang='lat' dir='ltr'>quo</span> <span class='ocrx_word' id='word_1_90' title='bbox 390 1225 599 1316; x_wconf 73' lang='lat' dir='ltr'>fundantur</span> <span class='ocrx_word' id='word_1_91' title='bbox 625 1229 684 1317; x_wconf 82' lang='grc'>(5).</span> <span class='ocrx_word' id='word_1_92' title='bbox 711 1229 776 1298; x_wconf 89' lang='lat' dir='ltr'>Sed</span> <span class='ocrx_word' id='word_1_93' title='bbox 798 1230 827 1299; x_wconf 92' lang='lat' dir='ltr'>si</span> <span class='ocrx_word' id='word_1_94' title='bbox 850 1229 966 1316; x_wconf 91' lang='lat' dir='ltr'>alicui,</span> <span class='ocrx_word' id='word_1_95' title='bbox 985 1231 1069 1300; x_wconf 92' lang='lat' dir='ltr'>dum</span> <span class='ocrx_word' id='word_1_96' title='bbox 1092 1231 1158 1301; x_wconf 88' lang='lat' dir='ltr'>hoe</span> <span class='ocrx_word' id='word_1_97' title='bbox 1182 1230 1388 1320; x_wconf 89' lang='lat' dir='ltr'>mysterium</span> <span class='ocrx_word' id='word_1_98' title='bbox 1412 1232 1557 1321; x_wconf 82' lang='lat' dir='ltr'>peragit,</span> <span class='ocrx_word' id='word_1_99' title='bbox 1575 1231 1633 1300; x_wconf 94' lang='lat' dir='ltr'>ali·</span> 
     </span>
     <span class='ocr_line' id='line_1_11' title="bbox 294 1337 1630 1430; baseline 0.001 -24"><span class='ocrx_word' id='word_1_100' title='bbox 294 1337 385 1428; x_wconf 89' lang='lat' dir='ltr'>quod</span> <span class='ocrx_word' id='word_1_101' title='bbox 401 1337 545 1406; x_wconf 89' lang='lat' dir='ltr'>dubium</span> <span class='ocrx_word' id='word_1_102' title='bbox 570 1345 742 1423; x_wconf 88' lang='lat' dir='ltr'>occurrat,</span> <span class='ocrx_word' id='word_1_103' title='bbox 767 1339 800 1406; x_wconf 90' lang='lat' dir='ltr'>id</span> <span class='ocrx_word' id='word_1_104' title='bbox 820 1338 926 1408; x_wconf 82' lang='lat' dir='ltr'>faciat</span> <span class='ocrx_word' id='word_1_105' title='bbox 948 1340 1039 1430; x_wconf 81' lang='lat' dir='ltr'>quod</span> <span class='ocrx_word' id='word_1_106' title='bbox 1062 1338 1163 1409; x_wconf 83' lang='lat' dir='ltr'>babet</span> <span class='ocrx_word' id='word_1_107' title='bbox 1187 1342 1306 1407; x_wconf 82' lang='lat' dir='ltr'>miuus</span> <span class='ocrx_word' id='word_1_108' title='bbox 1329 1338 1371 1407; x_wconf 86' lang='lat' dir='ltr'>de</span> <span class='ocrx_word' id='word_1_109' title='bbox 1391 1339 1549 1426; x_wconf 82' lang='lat' dir='ltr'>periculo</span> <span class='ocrx_word' id='word_1_110' title='bbox 1568 1339 1630 1426; x_wconf 75' lang='lat' dir='ltr'>(6l3</span> 
     </span>
     <span class='ocr_line' id='line_1_12' title="bbox 293 1447 1634 1534; baseline 0.001 -20"><span class='ocrx_word' id='word_1_111' title='bbox 293 1462 355 1514; x_wconf 86' lang='lat' dir='ltr'>seu</span> <span class='ocrx_word' id='word_1_112' title='bbox 371 1449 462 1534; x_wconf 81' lang='lat' dir='ltr'>quod</span> <span class='ocrx_word' id='word_1_113' title='bbox 478 1449 594 1532; x_wconf 74' lang='lat' dir='ltr'>mepte</span> <span class='ocrx_word' id='word_1_114' title='bbox 616 1447 780 1534; x_wconf 74' lang='lat' dir='ltr'>expedire</span> <span class='ocrx_word' id='word_1_115' title='bbox 803 1451 996 1515; x_wconf 78' lang='lat' dir='ltr'>censuerit.-</span> <span class='ocrx_word' id='word_1_116' title='bbox 1025 1447 1114 1514; x_wconf 80' lang='lat' dir='ltr'>illud</span> <span class='ocrx_word' id='word_1_117' title='bbox 1137 1455 1254 1515; x_wconf 61' lang='lat' dir='ltr'>uuum</span> <span class='ocrx_word' id='word_1_118' title='bbox 1271 1465 1408 1533; x_wconf 83' lang='lat' dir='ltr'>semper</span> <span class='ocrx_word' id='word_1_119' title='bbox 1420 1465 1511 1533; x_wconf 80' lang='lat' dir='ltr'>prae</span> <span class='ocrx_word' id='word_1_120' title='bbox 1526 1447 1634 1515; x_wconf 81' lang='lat' dir='ltr'>oculis</span> 
     </span>
     <span class='ocr_line' id='line_1_13' title="bbox 293 1550 1149 1642; baseline 0.002 -22"><span class='ocrx_word' id='word_1_121' title='bbox 293 1550 495 1622; x_wconf 77' lang='lat' dir='ltr'>babendum</span> <span class='ocrx_word' id='word_1_122' title='bbox 519 1562 577 1639; x_wconf 81' lang='lat' dir='ltr'>cet,</span> <span class='ocrx_word' id='word_1_123' title='bbox 604 1563 642 1622; x_wconf 82' lang='lat' dir='ltr'>ut</span> <span class='ocrx_word' id='word_1_124' title='bbox 664 1555 877 1624; x_wconf 79' lang='lat' dir='ltr'>scandulum</span> <span class='ocrx_word' id='word_1_125' title='bbox 902 1563 1072 1624; x_wconf 82' lang='lat' dir='ltr'>caveatur</span> <span class='ocrx_word' id='word_1_126' title='bbox 1090 1555 1149 1642; x_wconf 82' lang='lat'>(7).</span> 
     </span>
    </p>
   </div>
   <div class='ocr_carea' id='block_1_5' title="bbox 519 1818 1403 1906">
    <p class='ocr_par' dir='ltr' id='par_1_5' title="bbox 519 1818 1403 1906">
     <span class='ocr_line' id='line_1_14' title="bbox 519 1818 1403 1906; baseline 0.002 -21"><span class='ocrx_word' id='word_1_127' title='bbox 519 1819 600 1886; x_wconf 76' lang='lat' dir='ltr'>Aer.</span> <span class='ocrx_word' id='word_1_128' title='bbox 627 1821 653 1886; x_wconf 92' lang='lat'>1.</span> <span class='ocrx_word' id='word_1_129' title='bbox 684 1818 892 1885; x_wconf 59' lang='lat' dir='ltr'>&amp;cortenaio</span> <span class='ocrx_word' id='word_1_130' title='bbox 916 1818 1091 1906; x_wconf 73' lang='lat' dir='ltr'>Sacrificii</span> <span class='ocrx_word' id='word_1_131' title='bbox 1112 1826 1145 1886; x_wconf 87' lang='lat' dir='ltr'>ct</span> <span class='ocrx_word' id='word_1_132' title='bbox 1169 1819 1403 1888; x_wconf 80' lang='lat' dir='ltr'>Sacrameoti.</span> 
     </span>
    </p>
   </div>
   <div class='ocr_carea' id='block_1_6' title="bbox 351 2015 1739 2104">
    <p class='ocr_par' dir='ltr' id='par_1_6' title="bbox 351 2015 1739 2104">
     <span class='ocr_line' id='line_1_15' title="bbox 351 2015 1739 2104; baseline 0.002 -19"><span class='ocrx_word' id='word_1_133' title='bbox 351 2015 427 2085; x_wconf 79' lang='grc'>584.</span> <span class='ocrx_word' id='word_1_134' title='bbox 455 2015 619 2086; x_wconf 80' lang='lat' dir='ltr'>sacrificii</span> <span class='ocrx_word' id='word_1_135' title='bbox 643 2021 679 2085; x_wconf 94' lang='lat' dir='ltr'>et</span> <span class='ocrx_word' id='word_1_136' title='bbox 702 2016 916 2088; x_wconf 84' lang='lat' dir='ltr'>sacramenti</span> <span class='ocrx_word' id='word_1_137' title='bbox 941 2016 978 2087; x_wconf 95' lang='lat' dir='ltr'>in</span> <span class='ocrx_word' id='word_1_138' title='bbox 1004 2015 1217 2086; x_wconf 82' lang='lat' dir='ltr'>EucharIstia</span> <span class='ocrx_word' id='word_1_139' title='bbox 1242 2018 1443 2089; x_wconf 91' lang='lat' dir='ltr'>communia</span> <span class='ocrx_word' id='word_1_140' title='bbox 1459 2025 1544 2088; x_wconf 89' lang='lat' dir='ltr'>sunt</span> <span class='ocrx_word' id='word_1_141' title='bbox 1566 2041 1630 2104; x_wconf 80' lang='lat' dir='ltr'>rea,</span> <span class='ocrx_word' id='word_1_142' title='bbox 1738 2021 1739 2062; x_wconf 65' lang='lat'><em>³</em></span> 
     </span>
    </p>
   </div>
   <div class='ocr_carea' id='block_1_7' title="bbox 296 2123 1632 2216">
    <p class='ocr_par' dir='ltr' id='par_1_7' title="bbox 296 2123 1632 2216">
     <span class='ocr_line' id='line_1_16' title="bbox 296 2123 1632 2216; baseline 0.002 -22"><span class='ocrx_word' id='word_1_143' title='bbox 296 2129 332 2194; x_wconf 86' lang='lat' dir='ltr'>et</span> <span class='ocrx_word' id='word_1_144' title='bbox 367 2125 491 2210; x_wconf 83' lang='lat' dir='ltr'>uerbo,</span> <span class='ocrx_word' id='word_1_145' title='bbox 524 2123 648 2215; x_wconf 90' lang='lat' dir='ltr'>quibus</span> <span class='ocrx_word' id='word_1_146' title='bbox 682 2130 869 2216; x_wconf 88' lang='lat' dir='ltr'>utrumque</span> <span class='ocrx_word' id='word_1_147' title='bbox 903 2123 1090 2215; x_wconf 90' lang='lat' dir='ltr'>perficitur.</span> <span class='ocrx_word' id='word_1_148' title='bbox 1118 2129 1184 2194; x_wconf 87' lang='lat' dir='ltr'>Res</span> <span class='ocrx_word' id='word_1_149' title='bbox 1207 2129 1291 2194; x_wconf 90' lang='lat' dir='ltr'>sunt</span> <span class='ocrx_word' id='word_1_150' title='bbox 1314 2125 1412 2214; x_wconf 90' lang='lat' dir='ltr'>panis</span> <span class='ocrx_word' id='word_1_151' title='bbox 1436 2133 1472 2195; x_wconf 87' lang='lat' dir='ltr'>et</span> <span class='ocrx_word' id='word_1_152' title='bbox 1494 2125 1632 2197; x_wconf 84' lang='lat' dir='ltr'>vinum.</span> 
     </span>
    </p>
   </div>
   <div class='ocr_carea' id='block_1_8' title="bbox 293 2229 1739 2430">
    <p class='ocr_par' dir='ltr' id='par_1_8' title="bbox 293 2229 1739 2430">
     <span class='ocr_line' id='line_1_17' title="bbox 293 2229 1739 2322; baseline 0.001 -22"><span class='ocrx_word' id='word_1_153' title='bbox 293 2230 395 2300; x_wconf 87' lang='lat' dir='ltr'>Panis</span> <span class='ocrx_word' id='word_1_154' title='bbox 419 2251 557 2320; x_wconf 89' lang='lat' dir='ltr'>nempe,</span> <span class='ocrx_word' id='word_1_155' title='bbox 587 2233 649 2315; x_wconf 87' lang='lat' dir='ltr'>l⁰.,</span> <span class='ocrx_word' id='word_1_156' title='bbox 675 2229 832 2300; x_wconf 88' lang='lat' dir='ltr'>triticeus</span> <span class='ocrx_word' id='word_1_157' title='bbox 851 2233 913 2319; x_wconf 83' lang='lat' dir='ltr'>(l);</span> <span class='ocrx_word' id='word_1_158' title='bbox 940 2233 1002 2316; x_wconf 71' lang='lat'>2⁰,</span> <span class='ocrx_word' id='word_1_159' title='bbox 1028 2231 1191 2302; x_wconf 89' lang='lat' dir='ltr'>subactus</span> <span class='ocrx_word' id='word_1_160' title='bbox 1214 2252 1303 2322; x_wconf 91' lang='lat' dir='ltr'>aqua</span> <span class='ocrx_word' id='word_1_161' title='bbox 1319 2234 1468 2302; x_wconf 89' lang='lat' dir='ltr'>naturali</span> <span class='ocrx_word' id='word_1_162' title='bbox 1485 2235 1530 2322; x_wconf 84' lang='grc'>(2)</span> <span class='ocrx_word' id='word_1_163' title='bbox 1553 2261 1560 2322; x_wconf 84' lang='grc'><strong>;</strong></span> <span class='ocrx_word' id='word_1_164' title='bbox 1586 2241 1633 2322; x_wconf 91' lang='lat' dir='ltr'>et,</span> <span class='ocrx_word' id='word_1_165' title='bbox 1737 2285 1739 2302; x_wconf 49' lang='lat'><em>2</em></span> 
     </span>
     <span class='ocr_line' id='line_1_18' title="bbox 293 2336 1739 2430; baseline 0.003 -24"><span class='ocrx_word' id='word_1_166' title='bbox 293 2337 356 2422; x_wconf 73' lang='lat'>5⁰,</span> <span class='ocrx_word' id='word_1_167' title='bbox 374 2343 493 2406; x_wconf 89' lang='lat' dir='ltr'>coctus</span> <span class='ocrx_word' id='word_1_168' title='bbox 516 2336 595 2426; x_wconf 83' lang='lat' dir='ltr'>igne</span> <span class='ocrx_word' id='word_1_169' title='bbox 618 2357 704 2424; x_wconf 88' lang='lat' dir='ltr'>puro</span> <span class='ocrx_word' id='word_1_170' title='bbox 719 2338 778 2426; x_wconf 81' lang='grc'>(5).</span> <span class='ocrx_word' id='word_1_171' title='bbox 809 2343 858 2406; x_wconf 81' lang='lat' dir='ltr'>Ex</span> <span class='ocrx_word' id='word_1_172' title='bbox 878 2339 940 2422; x_wconf 87' lang='lat' dir='ltr'>l⁰.,</span> <span class='ocrx_word' id='word_1_173' title='bbox 959 2337 1075 2428; x_wconf 79' lang='lat' dir='ltr'>igitur,</span> <span class='ocrx_word' id='word_1_174' title='bbox 1094 2343 1146 2407; x_wconf 88' lang='lat' dir='ltr'>est</span> <span class='ocrx_word' id='word_1_175' title='bbox 1170 2336 1315 2408; x_wconf 87' lang='lat' dir='ltr'>materia</span> <span class='ocrx_word' id='word_1_176' title='bbox 1338 2338 1442 2408; x_wconf 87' lang='lat' dir='ltr'>dubia</span> <span class='ocrx_word' id='word_1_177' title='bbox 1466 2339 1568 2430; x_wconf 90' lang='lat' dir='ltr'>panis</span> <span class='ocrx_word' id='word_1_178' title='bbox 1591 2361 1634 2410; x_wconf 80' lang='lat' dir='ltr'>ex</span> <span class='ocrx_word' id='word_1_179' title='bbox 1738 2417 1739 2424; x_wconf 37' lang='lat'>,</span> 
     </span>
    </p>
   </div>
   <div class='ocr_carea' id='block_1_9' title="bbox 291 2425 1739 2538">
    <p class='ocr_par' dir='ltr' id='par_1_9' title="bbox 291 2425 1739 2538">
     <span class='ocr_line' id='line_1_19' title="bbox 291 2425 1739 2538; baseline 0.004 -26"><span class='ocrx_word' id='word_1_180' title='bbox 291 2441 439 2532; x_wconf 79' lang='lat' dir='ltr'>siligine,</span> <span class='ocrx_word' id='word_1_181' title='bbox 455 2443 511 2513; x_wconf 90' lang='lat' dir='ltr'>vel</span> <span class='ocrx_word' id='word_1_182' title='bbox 533 2442 621 2513; x_wconf 90' lang='lat' dir='ltr'>alica</span> <span class='ocrx_word' id='word_1_183' title='bbox 639 2445 683 2533; x_wconf 91' lang='grc'>(4)</span> <span class='ocrx_word' id='word_1_184' title='bbox 703 2469 710 2530; x_wconf 82' lang='grc'><strong>;</strong></span> <span class='ocrx_word' id='word_1_185' title='bbox 730 2443 845 2534; x_wconf 87' lang='lat' dir='ltr'>inepta</span> <span class='ocrx_word' id='word_1_186' title='bbox 863 2463 1000 2534; x_wconf 87' lang='lat' dir='ltr'>prorsus</span> <span class='ocrx_word' id='word_1_187' title='bbox 1023 2465 1067 2513; x_wconf 86' lang='lat' dir='ltr'>ex</span> <span class='ocrx_word' id='word_1_188' title='bbox 1083 2443 1223 2530; x_wconf 87' lang='lat' dir='ltr'>hordeo,</span> <span class='ocrx_word' id='word_1_189' title='bbox 1242 2447 1345 2531; x_wconf 84' lang='lat' dir='ltr'>farre,</span> <span class='ocrx_word' id='word_1_190' title='bbox 1364 2453 1425 2516; x_wconf 91' lang='lat' dir='ltr'>aut</span> <span class='ocrx_word' id='word_1_191' title='bbox 1440 2467 1557 2516; x_wconf 90' lang='lat' dir='ltr'>avena</span> <span class='ocrx_word' id='word_1_192' title='bbox 1572 2448 1631 2538; x_wconf 79' lang='lat'><strong>(5).</strong></span> <span class='ocrx_word' id='word_1_193' title='bbox 1737 2425 1739 2444; x_wconf 22' lang='grc' dir='ltr'><em>Α</em></span> 
     </span>
    </p>
   </div>
   <div class='ocr_carea' id='block_1_10' title="bbox 245 2549 1739 2747">
    <p class='ocr_par' dir='ltr' id='par_1_10' title="bbox 245 2549 1739 2747">
     <span class='ocr_line' id='line_1_20' title="bbox 293 2549 1739 2643; baseline 0.002 -25"><span class='ocrx_word' id='word_1_194' title='bbox 293 2553 344 2618; x_wconf 79' lang='lat' dir='ltr'>Ex</span> <span class='ocrx_word' id='word_1_195' title='bbox 368 2551 433 2635; x_wconf 76' lang='lat'>2⁰,</span> <span class='ocrx_word' id='word_1_196' title='bbox 458 2549 561 2620; x_wconf 90' lang='lat' dir='ltr'>dubia</span> <span class='ocrx_word' id='word_1_197' title='bbox 585 2550 652 2619; x_wconf 88' lang='lat' dir='ltr'>erit</span> <span class='ocrx_word' id='word_1_198' title='bbox 675 2549 774 2639; x_wconf 90' lang='lat' dir='ltr'>panis</span> <span class='ocrx_word' id='word_1_199' title='bbox 790 2549 1006 2620; x_wconf 89' lang='lat' dir='ltr'>consecratio</span> <span class='ocrx_word' id='word_1_200' title='bbox 1022 2549 1051 2620; x_wconf 87' lang='lat' dir='ltr'>si</span> <span class='ocrx_word' id='word_1_201' title='bbox 1068 2571 1136 2641; x_wconf 90' lang='lat' dir='ltr'>quo</span> <span class='ocrx_word' id='word_1_202' title='bbox 1152 2551 1219 2620; x_wconf 90' lang='lat' dir='ltr'>alio</span> <span class='ocrx_word' id='word_1_203' title='bbox 1234 2551 1369 2643; x_wconf 88' lang='lat' dir='ltr'>liquore</span> <span class='ocrx_word' id='word_1_204' title='bbox 1384 2553 1551 2622; x_wconf 91' lang='lat' dir='ltr'>subactus</span> <span class='ocrx_word' id='word_1_205' title='bbox 1564 2555 1635 2621; x_wconf 87' lang='lat' dir='ltr'>lne·</span> <span class='ocrx_word' id='word_1_206' title='bbox 1738 2569 1739 2572; x_wconf 72' lang='grc'>’</span> 
     </span>
     <span class='ocr_line' id='line_1_21' title="bbox 245 2652 1739 2747; baseline 0.005 -27"><span class='ocrx_word' id='word_1_207' title='bbox 245 2706 247 2712; x_wconf 93' lang='grc'>.</span> <span class='ocrx_word' id='word_1_208' title='bbox 293 2652 359 2741; x_wconf 90' lang='lat' dir='ltr'>rit;</span> <span class='ocrx_word' id='word_1_209' title='bbox 386 2655 485 2723; x_wconf 87' lang='lat' dir='ltr'>velut</span> <span class='ocrx_word' id='word_1_210' title='bbox 507 2675 597 2745; x_wconf 91' lang='lat' dir='ltr'>aqua</span> <span class='ocrx_word' id='word_1_211' title='bbox 621 2674 760 2726; x_wconf 88' lang='lat' dir='ltr'>rosacea</span> <span class='ocrx_word' id='word_1_212' title='bbox 782 2658 840 2745; x_wconf 88' lang='grc'>(6),</span> <span class='ocrx_word' id='word_1_213' title='bbox 867 2655 964 2742; x_wconf 91' lang='lat' dir='ltr'>vino,</span> <span class='ocrx_word' id='word_1_214' title='bbox 990 2655 1078 2743; x_wconf 90' lang='lat' dir='ltr'>oleo,</span> <span class='ocrx_word' id='word_1_215' title='bbox 1104 2655 1207 2742; x_wconf 90' lang='lat' dir='ltr'>lacte,</span> <span class='ocrx_word' id='word_1_216' title='bbox 1224 2656 1364 2746; x_wconf 87' lang='lat' dir='ltr'>butyro,</span> <span class='ocrx_word' id='word_1_217' title='bbox 1383 2658 1555 2743; x_wconf 63' lang='lat' dir='ltr'>ovisetc.</span> <span class='ocrx_word' id='word_1_218' title='bbox 1573 2659 1632 2747; x_wconf 90' lang='grc'>(7).</span> <span class='ocrx_word' id='word_1_219' title='bbox 1738 2735 1739 2740; x_wconf 65' lang='lat'>,</span> 
     </span>
    </p>
   </div>
   <div class='ocr_carea' id='block_1_11' title="bbox 222 2761 1634 3404">
    <p class='ocr_par' dir='ltr' id='par_1_11' title="bbox 222 2761 1634 3404">
     <span class='ocr_line' id='line_1_22' title="bbox 296 2761 1626 2857; baseline 0.005 -27"><span class='ocrx_word' id='word_1_220' title='bbox 296 2766 397 2848; x_wconf 86' lang='lat' dir='ltr'>Item,</span> <span class='ocrx_word' id='word_1_221' title='bbox 423 2783 467 2831; x_wconf 89' lang='lat' dir='ltr'>ex</span> <span class='ocrx_word' id='word_1_222' title='bbox 492 2765 559 2849; x_wconf 58' lang='lat'>3⁰„</span> <span class='ocrx_word' id='word_1_223' title='bbox 585 2761 613 2832; x_wconf 88' lang='lat' dir='ltr'>si</span> <span class='ocrx_word' id='word_1_224' title='bbox 637 2763 749 2833; x_wconf 87' lang='lat' dir='ltr'>elixus</span> <span class='ocrx_word' id='word_1_225' title='bbox 772 2764 878 2833; x_wconf 83' lang='lat' dir='ltr'>fuerit</span> <span class='ocrx_word' id='word_1_226' title='bbox 900 2765 1012 2854; x_wconf 88' lang='lat' dir='ltr'>adipe,</span> <span class='ocrx_word' id='word_1_227' title='bbox 1038 2766 1126 2850; x_wconf 89' lang='lat' dir='ltr'>oleo,</span> <span class='ocrx_word' id='word_1_228' title='bbox 1153 2765 1210 2834; x_wconf 88' lang='lat' dir='ltr'>vel</span> <span class='ocrx_word' id='word_1_229' title='bbox 1233 2785 1301 2856; x_wconf 85' lang='lat' dir='ltr'>quo</span> <span class='ocrx_word' id='word_1_230' title='bbox 1324 2768 1392 2836; x_wconf 90' lang='lat' dir='ltr'>alio</span> <span class='ocrx_word' id='word_1_231' title='bbox 1415 2766 1550 2857; x_wconf 91' lang='lat' dir='ltr'>liquore</span> <span class='ocrx_word' id='word_1_232' title='bbox 1566 2768 1626 2855; x_wconf 85' lang='lat'><strong>(8):</strong></span> 
     </span>
     <span class='ocr_line' id='line_1_23' title="bbox 296 2867 1633 2965; baseline 0.006 -29"><span class='ocrx_word' id='word_1_233' title='bbox 296 2867 393 2937; x_wconf 90' lang='lat' dir='ltr'>irrita</span> <span class='ocrx_word' id='word_1_234' title='bbox 417 2887 556 2959; x_wconf 88' lang='lat' dir='ltr'>prorsus</span> <span class='ocrx_word' id='word_1_235' title='bbox 579 2869 607 2939; x_wconf 88' lang='lat' dir='ltr'>si</span> <span class='ocrx_word' id='word_1_236' title='bbox 632 2871 707 2960; x_wconf 92' lang='lat' dir='ltr'>puls</span> <span class='ocrx_word' id='word_1_237' title='bbox 730 2871 822 2940; x_wconf 88' lang='lat' dir='ltr'>lacta</span> <span class='ocrx_word' id='word_1_238' title='bbox 846 2870 903 2957; x_wconf 91' lang='lat' dir='ltr'>sit,</span> <span class='ocrx_word' id='word_1_239' title='bbox 928 2873 1104 2962; x_wconf 78' lang='lat' dir='ltr'>laganum,</span> <span class='ocrx_word' id='word_1_240' title='bbox 1119 2877 1186 2941; x_wconf 92' lang='lat' dir='ltr'>etc.</span> <span class='ocrx_word' id='word_1_241' title='bbox 1202 2873 1263 2960; x_wconf 86' lang='grc'>(9).</span> <span class='ocrx_word' id='word_1_242' title='bbox 1286 2874 1459 2964; x_wconf 78' lang='lat' dir='ltr'>Amplius:</span> <span class='ocrx_word' id='word_1_243' title='bbox 1485 2876 1552 2944; x_wconf 90' lang='lat' dir='ltr'>etsi</span> <span class='ocrx_word' id='word_1_244' title='bbox 1576 2897 1633 2965; x_wconf 94' lang='lat' dir='ltr'>pa-</span> 
     </span>
     <span class='ocr_line' id='line_1_24' title="bbox 294 2973 1632 3073; baseline 0.009 -32"><span class='ocrx_word' id='word_1_245' title='bbox 294 2973 350 3043; x_wconf 94' lang='lat' dir='ltr'>nis</span> <span class='ocrx_word' id='word_1_246' title='bbox 385 2973 542 3045; x_wconf 87' lang='lat' dir='ltr'>triticeus</span> <span class='ocrx_word' id='word_1_247' title='bbox 577 2975 640 3062; x_wconf 90' lang='lat' dir='ltr'>sit,</span> <span class='ocrx_word' id='word_1_248' title='bbox 673 2981 709 3045; x_wconf 85' lang='lat' dir='ltr'>et</span> <span class='ocrx_word' id='word_1_249' title='bbox 731 2975 895 3046; x_wconf 89' lang='lat' dir='ltr'>subactus</span> <span class='ocrx_word' id='word_1_250' title='bbox 918 2997 1007 3069; x_wconf 90' lang='lat' dir='ltr'>aqua</span> <span class='ocrx_word' id='word_1_251' title='bbox 1031 2977 1201 3052; x_wconf 86' lang='lat' dir='ltr'>naturali.</span> <span class='ocrx_word' id='word_1_252' title='bbox 1227 2985 1263 3049; x_wconf 90' lang='lat' dir='ltr'>et</span> <span class='ocrx_word' id='word_1_253' title='bbox 1286 2987 1405 3050; x_wconf 87' lang='lat' dir='ltr'>coctus</span> <span class='ocrx_word' id='word_1_254' title='bbox 1429 2981 1508 3071; x_wconf 80' lang='lat' dir='ltr'>igne</span> <span class='ocrx_word' id='word_1_255' title='bbox 1533 3005 1632 3073; x_wconf 91' lang='lat' dir='ltr'>puro,</span> 
     </span>
     <span class='ocr_line' id='line_1_25' title="bbox 293 3079 1633 3174; baseline 0.007 -25"><span class='ocrx_word' id='word_1_256' title='bbox 293 3079 361 3150; x_wconf 93' lang='lat' dir='ltr'>erit</span> <span class='ocrx_word' id='word_1_257' title='bbox 384 3079 530 3150; x_wconf 87' lang='lat' dir='ltr'>materia</span> <span class='ocrx_word' id='word_1_258' title='bbox 554 3101 692 3170; x_wconf 88' lang='lat' dir='ltr'>prorsus</span> <span class='ocrx_word' id='word_1_259' title='bbox 717 3081 834 3171; x_wconf 89' lang='lat' dir='ltr'>inepta</span> <span class='ocrx_word' id='word_1_260' title='bbox 858 3082 886 3152; x_wconf 90' lang='lat' dir='ltr'>si</span> <span class='ocrx_word' id='word_1_261' title='bbox 910 3082 1017 3152; x_wconf 84' lang='lat' dir='ltr'>luerit</span> <span class='ocrx_word' id='word_1_262' title='bbox 1039 3092 1237 3174; x_wconf 86' lang='lat' dir='ltr'>corruptus;</span> <span class='ocrx_word' id='word_1_263' title='bbox 1263 3085 1336 3156; x_wconf 88' lang='lat' dir='ltr'>sive</span> <span class='ocrx_word' id='word_1_264' title='bbox 1361 3107 1406 3155; x_wconf 88' lang='lat' dir='ltr'>ex</span> <span class='ocrx_word' id='word_1_265' title='bbox 1428 3087 1547 3157; x_wconf 90' lang='lat' dir='ltr'>tritico</span> <span class='ocrx_word' id='word_1_266' title='bbox 1563 3090 1633 3159; x_wconf 89' lang='lat' dir='ltr'>iam</span> 
     </span>
     <span class='ocr_line' id='line_1_26' title="bbox 222 3185 1627 3286; baseline 0.006 -29"><span class='ocrx_word' id='word_1_267' title='bbox 222 3266 226 3272; x_wconf 54' lang='grc'>,</span> <span class='ocrx_word' id='word_1_268' title='bbox 295 3195 457 3278; x_wconf 89' lang='lat' dir='ltr'>corrupto</span> <span class='ocrx_word' id='word_1_269' title='bbox 482 3191 663 3258; x_wconf 86' lang='lat' dir='ltr'>conlectus</span> <span class='ocrx_word' id='word_1_270' title='bbox 686 3189 804 3276; x_wconf 86' lang='lat' dir='ltr'>fuerit,</span> <span class='ocrx_word' id='word_1_271' title='bbox 830 3189 904 3260; x_wconf 91' lang='lat' dir='ltr'>sive</span> <span class='ocrx_word' id='word_1_272' title='bbox 929 3196 1046 3280; x_wconf 86' lang='lat' dir='ltr'>postea</span> <span class='ocrx_word' id='word_1_273' title='bbox 1071 3192 1329 3284; x_wconf 89' lang='lat' dir='ltr'>corruptionem</span> <span class='ocrx_word' id='word_1_274' title='bbox 1353 3185 1519 3264; x_wconf 83' lang='lat' dir='ltr'>imbuerit</span> <span class='ocrx_word' id='word_1_275' title='bbox 1536 3197 1627 3286; x_wconf 82' lang='grc'>(40);</span> 
     </span>
     <span class='ocr_line' id='line_1_27' title="bbox 291 3286 1634 3404; baseline 0.005 -41"><span class='ocrx_word' id='word_1_276' title='bbox 291 3293 320 3364; x_wconf 91' lang='lat' dir='ltr'>si</span> <span class='ocrx_word' id='word_1_277' title='bbox 354 3299 493 3363; x_wconf 89' lang='lat' dir='ltr'>tantum</span> <span class='ocrx_word' id='word_1_278' title='bbox 528 3297 703 3384; x_wconf 91' lang='lat' dir='ltr'>corrumpi</span> <span class='ocrx_word' id='word_1_279' title='bbox 735 3286 905 3386; x_wconf 90' lang='lat' dir='ltr'>eoeperit,</span> <span class='ocrx_word' id='word_1_280' title='bbox 931 3299 1147 3404; x_wconf 72' lang='lat' dir='ltr'>consecrabo</span> <span class='ocrx_word' id='word_1_281' title='bbox 1170 3299 1310 3390; x_wconf 87' lang='lat' dir='ltr'>quidem</span> <span class='ocrx_word' id='word_1_282' title='bbox 1336 3299 1449 3370; x_wconf 90' lang='lat' dir='ltr'>valida</span> <span class='ocrx_word' id='word_1_283' title='bbox 1473 3307 1547 3387; x_wconf 90' lang='lat' dir='ltr'>est,</span> <span class='ocrx_word' id='word_1_284' title='bbox 1573 3301 1634 3372; x_wconf 90' lang='lat' dir='ltr'>sed</span> 
     </span>
    </p>
   </div>
   <div class='ocr_carea' id='block_1_12' title="bbox 292 3571 1633 3976">
    <p class='ocr_par' dir='ltr' id='par_1_12' title="bbox 350 3571 1446 3656">
     <span class='ocr_line' id='line_1_28' title="bbox 350 3571 1446 3656; baseline 0.004 -22"><span class='ocrx_word' id='word_1_285' title='bbox 350 3571 397 3654; x_wconf 92' lang='grc'>(3)</span> <span class='ocrx_word' id='word_1_286' title='bbox 421 3576 457 3635; x_wconf 90' lang='grc' dir='ltr'>Β.</span> <span class='ocrx_word' id='word_1_287' title='bbox 481 3577 515 3635; x_wconf 90' lang='lat' dir='ltr'>S.</span> <span class='ocrx_word' id='word_1_288' title='bbox 532 3576 584 3635; x_wconf 88' lang='lat' dir='ltr'>Pii</span> <span class='ocrx_word' id='word_1_289' title='bbox 608 3577 648 3647; x_wconf 91' lang='lat' dir='ltr'>V,</span> <span class='ocrx_word' id='word_1_290' title='bbox 676 3575 744 3638; x_wconf 77' lang='lat' dir='ltr'>cuo</span> <span class='ocrx_word' id='word_1_291' title='bbox 774 3577 936 3650; x_wconf 81' lang='lat' dir='ltr'>primum,</span> <span class='ocrx_word' id='word_1_292' title='bbox 1046 3573 1092 3656; x_wconf 90' lang='lat'>(3)</span> <span class='ocrx_word' id='word_1_293' title='bbox 1113 3575 1221 3648; x_wconf 83' lang='lat' dir='ltr'>Groix,</span> <span class='ocrx_word' id='word_1_294' title='bbox 1244 3577 1299 3647; x_wconf 92' lang='lat' dir='ltr'>VI,</span> <span class='ocrx_word' id='word_1_295' title='bbox 1325 3577 1446 3651; x_wconf 85' lang='grc'>1,427.</span> 
     </span>
    </p>

    <p class='ocr_par' dir='ltr' id='par_1_13' title="bbox 292 3653 1633 3976">
     <span class='ocr_line' id='line_1_29' title="bbox 292 3653 1633 3735; baseline 0.004 -22"><span class='ocrx_word' id='word_1_296' title='bbox 292 3674 323 3715; x_wconf 85' lang='lat' dir='ltr'>v.</span> <span class='ocrx_word' id='word_1_297' title='bbox 347 3657 518 3714; x_wconf 81' lang='lat' dir='ltr'>Volumus.</span> <span class='ocrx_word' id='word_1_298' title='bbox 1045 3653 1091 3735; x_wconf 89' lang='grc'>(4)</span> <span class='ocrx_word' id='word_1_299' title='bbox 1112 3656 1215 3734; x_wconf 84' lang='lat' dir='ltr'>Lugo,</span> <span class='ocrx_word' id='word_1_300' title='bbox 1248 3659 1279 3717; x_wconf 84' lang='lat' dir='ltr'>b.</span> <span class='ocrx_word' id='word_1_301' title='bbox 1304 3666 1347 3727; x_wconf 74' lang='lat' dir='ltr'>t,</span> <span class='ocrx_word' id='word_1_302' title='bbox 1368 3657 1424 3728; x_wconf 88' lang='lat' dir='ltr'>IV,</span> <span class='ocrx_word' id='word_1_303' title='bbox 1449 3660 1489 3729; x_wconf 90' lang='grc'>4;</span> <span class='ocrx_word' id='word_1_304' title='bbox 1523 3659 1557 3718; x_wconf 91' lang='lat' dir='ltr'>S.</span> <span class='ocrx_word' id='word_1_305' title='bbox 1576 3659 1633 3720; x_wconf 83' lang='lat' dir='ltr'>Al-</span> 
     </span>
     <span class='ocr_line' id='line_1_30' title="bbox 366 3735 1494 3813; baseline 0.004 -19"><span class='ocrx_word' id='word_1_306' title='bbox 366 3739 384 3794; x_wconf 89' lang='grc'>4</span> <span class='ocrx_word' id='word_1_307' title='bbox 419 3735 735 3812; x_wconf 80' lang='lat' dir='ltr'>s.nlph.,v1,399.</span> <span class='ocrx_word' id='word_1_308' title='bbox 988 3735 1095 3813; x_wconf 93' lang='lat' dir='ltr'>pbon.,</span> <span class='ocrx_word' id='word_1_309' title='bbox 1118 3737 1189 3798; x_wconf 91' lang='grc'>200.</span> <span class='ocrx_word' id='word_1_310' title='bbox 1490 3735 1494 3740; x_wconf 79' lang='grc'>’</span> 
     </span>
     <span class='ocr_line' id='line_1_31' title="bbox 350 3737 1560 3976; baseline 0 -100"><span class='ocrx_word' id='word_1_311' title='bbox 350 3737 385 3895; x_wconf 48' lang='grc' dir='ltr'>(ὅ</span> <span class='ocrx_word' id='word_1_312' title='bbox 411 3817 516 3887; x_wconf 69' lang='lat' dir='ltr'>Suum,</span> <span class='ocrx_word' id='word_1_313' title='bbox 534 3817 569 3875; x_wconf 91' lang='lat' dir='ltr'>D.</span> <span class='ocrx_word' id='word_1_314' title='bbox 581 3815 630 3887; x_wconf 87' lang='lat'>85,</span> <span class='ocrx_word' id='word_1_315' title='bbox 646 3817 673 3874; x_wconf 92' lang='lat' dir='ltr'>l.</span> <span class='ocrx_word' id='word_1_316' title='bbox 691 3817 750 3876; x_wconf 84' lang='lat' dir='ltr'>Sed</span> <span class='ocrx_word' id='word_1_317' title='bbox 765 3815 855 3874; x_wconf 89' lang='lat' dir='ltr'>hodic</span> <span class='ocrx_word' id='word_1_318' title='bbox 869 3817 935 3889; x_wconf 89' lang='lat' dir='ltr'>qui-</span> <span class='ocrx_word' id='word_1_319' title='bbox 1045 3814 1091 3976; x_wconf 52' lang='lat' dir='ltr'>pti)</span> <span class='ocrx_word' id='word_1_320' title='bbox 1106 3817 1214 3887; x_wconf 82' lang='lat' dir='ltr'>Renzi,</span> <span class='ocrx_word' id='word_1_321' title='bbox 1232 3818 1263 3876; x_wconf 84' lang='lat' dir='ltr'>b.</span> <span class='ocrx_word' id='word_1_322' title='bbox 1282 3826 1318 3885; x_wconf 86' lang='lat' dir='ltr'>t.,</span> <span class='ocrx_word' id='word_1_323' title='bbox 1332 3816 1418 3888; x_wconf 88' lang='lat' dir='ltr'>VIII,</span> <span class='ocrx_word' id='word_1_324' title='bbox 1435 3817 1492 3890; x_wconf 87' lang='lat' dir='ltr'>IX,</span> <span class='ocrx_word' id='word_1_325' title='bbox 1510 3817 1560 3878; x_wconf 90' lang='lat'>10.</span> 
     </span>
    </p>
   </div>
   <div class='ocr_carea' id='block_1_13' title="bbox 289 3897 1110 4047">
    <p class='ocr_par' dir='ltr' id='par_1_14' title="bbox 289 3897 1110 4047">
     <span class='ocr_line' id='line_1_32' title="bbox 290 3897 932 3972; baseline -0.002 -16"><span class='ocrx_word' id='word_1_326' title='bbox 290 3897 360 3956; x_wconf 83' lang='lat' dir='ltr'>dam</span> <span class='ocrx_word' id='word_1_327' title='bbox 376 3913 479 3954; x_wconf 88' lang='lat' dir='ltr'>omnes</span> <span class='ocrx_word' id='word_1_328' title='bbox 494 3899 712 3972; x_wconf 71' lang='lat' dir='ltr'>praecepturos</span> <span class='ocrx_word' id='word_1_329' title='bbox 726 3913 793 3953; x_wconf 85' lang='lat' dir='ltr'>esse</span> <span class='ocrx_word' id='word_1_330' title='bbox 810 3897 932 3965; x_wconf 84' lang='lat' dir='ltr'>docont;</span> 
     </span>
     <span class='ocr_line' id='line_1_33' title="bbox 289 3973 1110 4047; baseline 0.001 -13"><span class='ocrx_word' id='word_1_331' title='bbox 289 3993 346 4035; x_wconf 89' lang='lat' dir='ltr'>noc</span> <span class='ocrx_word' id='word_1_332' title='bbox 370 3973 476 4034; x_wconf 82' lang='lat' dir='ltr'>forsan</span> <span class='ocrx_word' id='word_1_333' title='bbox 498 3977 676 4047; x_wconf 87' lang='lat' dir='ltr'>immerito,</span> <span class='ocrx_word' id='word_1_334' title='bbox 707 3975 822 4034; x_wconf 87' lang='lat' dir='ltr'>stricto</span> <span class='ocrx_word' id='word_1_335' title='bbox 851 3975 931 4034; x_wconf 86' lang='lat' dir='ltr'>iure:</span> <span class='ocrx_word' id='word_1_336' title='bbox 988 3975 1051 4046; x_wconf 94' lang='grc' dir='ltr'>ΙΙΙ,</span> <span class='ocrx_word' id='word_1_337' title='bbox 1080 3977 1110 4035; x_wconf 92' lang='grc'>2.</span> 
     </span>
    </p>
   </div>
   <div class='ocr_carea' id='block_1_14' title="bbox 170 4054 1634 4136">
    <p class='ocr_par' dir='ltr' id='par_1_15' title="bbox 170 4054 1634 4136">
     <span class='ocr_line' id='line_1_34' title="bbox 170 4054 1634 4136; baseline 0.001 -22"><span class='ocrx_word' id='word_1_338' title='bbox 170 4085 171 4088; x_wconf 36' lang='grc'><strong>“</strong></span> <span class='ocrx_word' id='word_1_339' title='bbox 293 4056 345 4114; x_wconf 87' lang='lat' dir='ltr'>sed</span> <span class='ocrx_word' id='word_1_340' title='bbox 360 4073 418 4113; x_wconf 94' lang='lat' dir='ltr'>non</span> <span class='ocrx_word' id='word_1_341' title='bbox 433 4059 505 4114; x_wconf 82' lang='lat' dir='ltr'>sunt</span> <span class='ocrx_word' id='word_1_342' title='bbox 521 4055 668 4114; x_wconf 88' lang='lat' dir='ltr'>mutanda</span> <span class='ocrx_word' id='word_1_343' title='bbox 682 4073 760 4131; x_wconf 90' lang='lat' dir='ltr'>quae</span> <span class='ocrx_word' id='word_1_344' title='bbox 779 4054 933 4131; x_wconf 84' lang='lat' dir='ltr'>intorprc·</span> <span class='ocrx_word' id='word_1_345' title='bbox 1047 4055 1093 4136; x_wconf 88' lang='grc'>(7)</span> <span class='ocrx_word' id='word_1_346' title='bbox 1115 4057 1219 4125; x_wconf 65' lang='lat' dir='ltr'>Suam,</span> <span class='ocrx_word' id='word_1_347' title='bbox 1246 4059 1266 4116; x_wconf 89' lang='lat' dir='ltr'>l.</span> <span class='ocrx_word' id='word_1_348' title='bbox 1291 4075 1332 4127; x_wconf 89' lang='lat' dir='ltr'>c.,</span> <span class='ocrx_word' id='word_1_349' title='bbox 1354 4075 1384 4116; x_wconf 89' lang='lat' dir='ltr'>v.</span> <span class='ocrx_word' id='word_1_350' title='bbox 1407 4057 1508 4126; x_wconf 85' lang='lat' dir='ltr'>Dico;</span> <span class='ocrx_word' id='word_1_351' title='bbox 1529 4057 1634 4133; x_wconf 83' lang='lat' dir='ltr'>Lugo,</span> 
     </span>
    </p>
   </div>
   <div class='ocr_carea' id='block_1_15' title="bbox 287 4133 1634 4613">
    <p class='ocr_par' dir='ltr' id='par_1_16' title="bbox 289 4133 1095 4210">
     <span class='ocr_line' id='line_1_35' title="bbox 289 4133 1095 4210; baseline 0.001 -17"><span class='ocrx_word' id='word_1_352' title='bbox 289 4135 443 4194; x_wconf 83' lang='lat' dir='ltr'>tationem</span> <span class='ocrx_word' id='word_1_353' title='bbox 465 4141 584 4194; x_wconf 89' lang='lat' dir='ltr'>certam</span> <span class='ocrx_word' id='word_1_354' title='bbox 607 4151 726 4210; x_wconf 86' lang='lat' dir='ltr'>semper</span> <span class='ocrx_word' id='word_1_355' title='bbox 748 4134 931 4194; x_wconf 87' lang='lat' dir='ltr'>babuerunt.</span> <span class='ocrx_word' id='word_1_356' title='bbox 987 4133 1042 4206; x_wconf 91' lang='lat' dir='ltr'>IV,</span> <span class='ocrx_word' id='word_1_357' title='bbox 1066 4139 1095 4194; x_wconf 89' lang='grc'>4.</span> 
     </span>
    </p>

    <p class='ocr_par' dir='ltr' id='par_1_17' title="bbox 287 4213 1634 4538">
     <span class='ocr_line' id='line_1_36' title="bbox 287 4213 1632 4294; baseline 0.001 -20"><span class='ocrx_word' id='word_1_358' title='bbox 287 4214 340 4294; x_wconf 89' lang='lat' dir='ltr'>(V.</span> <span class='ocrx_word' id='word_1_359' title='bbox 358 4213 459 4284; x_wconf 90' lang='lat' dir='ltr'>Prol.,</span> <span class='ocrx_word' id='word_1_360' title='bbox 476 4213 495 4288; x_wconf 59' lang='grc' dir='ltr'>ᾖ</span> <span class='ocrx_word' id='word_1_361' title='bbox 512 4213 580 4285; x_wconf 88' lang='grc'>184,</span> <span class='ocrx_word' id='word_1_362' title='bbox 598 4233 629 4273; x_wconf 87' lang='lat' dir='ltr'>n.</span> <span class='ocrx_word' id='word_1_363' title='bbox 646 4213 688 4292; x_wconf 92' lang='grc'>7).</span> <span class='ocrx_word' id='word_1_364' title='bbox 1046 4215 1078 4294; x_wconf 88' lang='grc'>(8</span> <span class='ocrx_word' id='word_1_365' title='bbox 1114 4215 1221 4286; x_wconf 84' lang='lat' dir='ltr'>Oroix,</span> <span class='ocrx_word' id='word_1_366' title='bbox 1231 4217 1290 4277; x_wconf 84' lang='grc'>420</span> <span class='ocrx_word' id='word_1_367' title='bbox 1301 4237 1309 4292; x_wconf 86' lang='grc'><strong>;</strong></span> <span class='ocrx_word' id='word_1_368' title='bbox 1322 4217 1354 4276; x_wconf 89' lang='lat' dir='ltr'>S.</span> <span class='ocrx_word' id='word_1_369' title='bbox 1368 4217 1476 4294; x_wconf 76' lang='lat' dir='ltr'>Alpb,</span> <span class='ocrx_word' id='word_1_370' title='bbox 1487 4217 1542 4290; x_wconf 82' lang='lat' dir='ltr'>VI,</span> <span class='ocrx_word' id='word_1_371' title='bbox 1558 4217 1632 4276; x_wconf 78' lang='lat'>199.</span> 
     </span>
     <span class='ocr_line' id='line_1_37' title="bbox 347 4293 1342 4373; baseline 0.002 -19"><span class='ocrx_word' id='word_1_372' title='bbox 347 4293 380 4371; x_wconf 88' lang='grc'>(6</span> <span class='ocrx_word' id='word_1_373' title='bbox 415 4295 451 4351; x_wconf 89' lang='lat' dir='ltr'>D.</span> <span class='ocrx_word' id='word_1_374' title='bbox 470 4293 721 4367; x_wconf 83' lang='lat' dir='ltr'>nn.,111‚83,o</span> <span class='ocrx_word' id='word_1_375' title='bbox 744 4295 781 4352; x_wconf 90' lang='lat' dir='ltr'>ad</span> <span class='ocrx_word' id='word_1_376' title='bbox 803 4295 834 4354; x_wconf 84' lang='lat'>2.</span> <span class='ocrx_word' id='word_1_377' title='bbox 1059 4296 1079 4356; x_wconf 84' lang='lat'>9</span> <span class='ocrx_word' id='word_1_378' title='bbox 1113 4295 1210 4373; x_wconf 82' lang='lat' dir='ltr'>Lugo,</span> <span class='ocrx_word' id='word_1_379' title='bbox 1234 4297 1289 4360; x_wconf 79' lang='lat' dir='ltr'>IV,</span> <span class='ocrx_word' id='word_1_380' title='bbox 1313 4298 1342 4358; x_wconf 72' lang='lat'>5.</span> 
     </span>
     <span class='ocr_line' id='line_1_38' title="bbox 361 4374 1634 4454; baseline 0.003 -22"><span class='ocrx_word' id='word_1_381' title='bbox 361 4375 380 4432; x_wconf 87' lang='lat'><strong>7</strong></span> <span class='ocrx_word' id='word_1_382' title='bbox 415 4374 541 4445; x_wconf 86' lang='lat' dir='ltr'>Suarez,</span> <span class='ocrx_word' id='word_1_383' title='bbox 558 4377 594 4433; x_wconf 89' lang='lat' dir='ltr'>D.</span> <span class='ocrx_word' id='word_1_384' title='bbox 612 4375 662 4445; x_wconf 85' lang='grc'>84,</span> <span class='ocrx_word' id='word_1_385' title='bbox 679 4375 709 4435; x_wconf 88' lang='grc'>2.</span> <span class='ocrx_word' id='word_1_386' title='bbox 1062 4374 1112 4454; x_wconf 93' lang='grc'>10)</span> <span class='ocrx_word' id='word_1_387' title='bbox 1134 4378 1170 4436; x_wconf 90' lang='lat' dir='ltr'>D.</span> <span class='ocrx_word' id='word_1_388' title='bbox 1195 4377 1269 4446; x_wconf 65' lang='lat' dir='ltr'>Tb„</span> <span class='ocrx_word' id='word_1_389' title='bbox 1292 4377 1349 4450; x_wconf 93' lang='lat' dir='ltr'>Ill,</span> <span class='ocrx_word' id='word_1_390' title='bbox 1372 4379 1422 4448; x_wconf 87' lang='grc'>74,</span> <span class='ocrx_word' id='word_1_391' title='bbox 1445 4378 1466 4438; x_wconf 88' lang='grc'><strong>3</strong></span> <span class='ocrx_word' id='word_1_392' title='bbox 1486 4380 1523 4436; x_wconf 91' lang='lat' dir='ltr'>ad</span> <span class='ocrx_word' id='word_1_393' title='bbox 1538 4379 1570 4436; x_wconf 89' lang='grc'>4.</span> <span class='ocrx_word' id='word_1_394' title='bbox 1589 4377 1634 4437; x_wconf 87' lang='lat' dir='ltr'>Ut</span> 
     </span>
     <span class='ocr_line' id='line_1_39' title="bbox 364 4453 1630 4538; baseline 0.002 -27"><span class='ocrx_word' id='word_1_395' title='bbox 364 4453 379 4511; x_wconf 92' lang='lat'>1</span> <span class='ocrx_word' id='word_1_396' title='bbox 415 4453 492 4530; x_wconf 78' lang='lat' dir='ltr'>Eug.</span> <span class='ocrx_word' id='word_1_397' title='bbox 510 4453 564 4524; x_wconf 92' lang='lat' dir='ltr'>IV,</span> <span class='ocrx_word' id='word_1_398' title='bbox 577 4456 702 4515; x_wconf 77' lang='lat' dir='ltr'>Deerat.</span> <span class='ocrx_word' id='word_1_399' title='bbox 716 4461 777 4530; x_wconf 76' lang='lat' dir='ltr'>pro</span> <span class='ocrx_word' id='word_1_400' title='bbox 791 4453 928 4513; x_wconf 77' lang='lat' dir='ltr'>Armco.</span> <span class='ocrx_word' id='word_1_401' title='bbox 985 4473 1056 4531; x_wconf 77' lang='lat' dir='ltr'>eope</span> <span class='ocrx_word' id='word_1_402' title='bbox 1071 4455 1229 4516; x_wconf 87' lang='lat' dir='ltr'>confectus</span> <span class='ocrx_word' id='word_1_403' title='bbox 1243 4475 1282 4516; x_wconf 86' lang='lat' dir='ltr'>ex</span> <span class='ocrx_word' id='word_1_404' title='bbox 1297 4459 1401 4517; x_wconf 85' lang='lat' dir='ltr'>amulo</span> <span class='ocrx_word' id='word_1_405' title='bbox 1416 4456 1526 4538; x_wconf 87' lang='lat' dir='ltr'>(Lugo,</span> <span class='ocrx_word' id='word_1_406' title='bbox 1538 4475 1571 4515; x_wconf 92' lang='lat' dir='ltr'>n.</span> <span class='ocrx_word' id='word_1_407' title='bbox 1583 4455 1630 4534; x_wconf 90' lang='lat'>6),</span> 
     </span>
    </p>

    <p class='ocr_par' dir='ltr' id='par_1_18' title="bbox 310 4533 1504 4613">
     <span class='ocr_line' id='line_1_40' title="bbox 310 4533 1504 4613; baseline 0.003 -22"><span class='ocrx_word' id='word_1_408' title='bbox 310 4541 311 4544; x_wconf 76' lang='grc'>’</span> <span class='ocrx_word' id='word_1_409' title='bbox 348 4533 382 4613; x_wconf 93' lang='grc'>(2</span> <span class='ocrx_word' id='word_1_410' title='bbox 415 4533 520 4605; x_wconf 78' lang='lat' dir='ltr'>Suan,</span> <span class='ocrx_word' id='word_1_411' title='bbox 542 4535 580 4595; x_wconf 90' lang='lat' dir='ltr'>D.</span> <span class='ocrx_word' id='word_1_412' title='bbox 604 4537 653 4606; x_wconf 88' lang='grc'>44,</span> <span class='ocrx_word' id='word_1_413' title='bbox 677 4535 760 4593; x_wconf 87' lang='lat' dir='ltr'>Soet.</span> <span class='ocrx_word' id='word_1_414' title='bbox 777 4536 807 4592; x_wconf 87' lang='lat'>2.</span> <span class='ocrx_word' id='word_1_415' title='bbox 825 4534 931 4594; x_wconf 86' lang='lat' dir='ltr'>Etiam</span> <span class='ocrx_word' id='word_1_416' title='bbox 985 4536 1037 4594; x_wconf 92' lang='lat' dir='ltr'>vel</span> <span class='ocrx_word' id='word_1_417' title='bbox 1058 4554 1097 4594; x_wconf 86' lang='lat' dir='ltr'>ex</span> <span class='ocrx_word' id='word_1_418' title='bbox 1119 4535 1223 4595; x_wconf 86' lang='lat' dir='ltr'>farina</span> <span class='ocrx_word' id='word_1_419' title='bbox 1246 4536 1362 4597; x_wconf 76' lang='lat' dir='ltr'>Iamdiu</span> <span class='ocrx_word' id='word_1_420' title='bbox 1382 4539 1504 4598; x_wconf 85' lang='lat' dir='ltr'>molita.</span> 
     </span>
    </p>
   </div>
   <div class='ocr_carea' id='block_1_16' title="bbox 288 4613 905 4692">
    <p class='ocr_par' dir='ltr' id='par_1_19' title="bbox 288 4613 905 4692">
     <span class='ocr_line' id='line_1_41' title="bbox 288 4613 905 4692; baseline 0.002 -20"><span class='ocrx_word' id='word_1_421' title='bbox 288 4631 441 4688; x_wconf 84' lang='lat' dir='ltr'>aequorea</span> <span class='ocrx_word' id='word_1_422' title='bbox 462 4613 508 4692; x_wconf 83' lang='lat' dir='ltr'>(S.</span> <span class='ocrx_word' id='word_1_423' title='bbox 533 4615 641 4692; x_wconf 72' lang='lat' dir='ltr'>Alpa,</span> <span class='ocrx_word' id='word_1_424' title='bbox 665 4615 719 4685; x_wconf 88' lang='lat' dir='ltr'>Vl,</span> <span class='ocrx_word' id='word_1_425' title='bbox 744 4614 813 4684; x_wconf 84' lang='lat'>199,</span> <span class='ocrx_word' id='word_1_426' title='bbox 837 4613 905 4692; x_wconf 88' lang='lat' dir='ltr'>VI).</span> 
     </span>
    </p>
   </div>
   <div class='ocr_carea' id='block_1_17' title="bbox 0 0 1772 5124">
    <p class='ocr_par' dir='ltr' id='par_1_20' title="bbox 0 0 1772 5124">
     <span class='ocr_line' id='line_1_42' title="bbox 0 0 1772 5124; baseline 0 1"><span class='ocrx_word' id='word_1_427' title='bbox 0 0 1772 5124; x_wconf 95' lang='lat' dir='ltr'> </span> 
     </span>
    </p>
   </div>
   <div class='ocr_carea' id='block_1_18' title="bbox 1060 3895 1735 3973">
    <p class='ocr_par' dir='ltr' id='par_1_21' title="bbox 1060 3895 1735 3973">
     <span class='ocr_line' id='line_1_43' title="bbox 1060 3895 1735 3973; baseline 0.003 -18"><span class='ocrx_word' id='word_1_428' title='bbox 1060 3895 1093 3973; x_wconf 89' lang='lat'>6)</span> <span class='ocrx_word' id='word_1_429' title='bbox 1122 3897 1211 3958; x_wconf 75' lang='lat' dir='ltr'>Miss</span> <span class='ocrx_word' id='word_1_430' title='bbox 1251 3897 1363 3968; x_wconf 83' lang='lat' dir='ltr'>Rom,</span> <span class='ocrx_word' id='word_1_431' title='bbox 1402 3897 1449 3956; x_wconf 86' lang='lat' dir='ltr'>Dc</span> <span class='ocrx_word' id='word_1_432' title='bbox 1488 3897 1636 3973; x_wconf 69' lang='lat' dir='ltr'>Defect„</span> <span class='ocrx_word' id='word_1_433' title='bbox 1730 3942 1735 3957; x_wconf 94' lang='lat'><em>.</em></span> 
     </span>
    </p>
   </div>
  </div>
 </body>
</html>
