3536 5124
310 259 400 304 ursus
425 259 470 304 ιιι.
490 275 510 287 -
528 257 643 306 rnacr.
672 260 701 304 r.
730 261 769 304 oc
793 260 1003 306 sncanumuo
1028 259 1199 306 aaronitas
1224 260 1385 306 uscrrosrs
1452 240 1516 308 519

175 359 269 445 dine,
295 357 368 429 vita
400 367 434 428 et
458 360 615 430 sensibus
650 381 767 430 carere
803 360 925 450 incipit
948 363 1030 449 (27).
1059 367 1167 446 Datur
1198 383 1243 430 ex
1268 361 1517 432 consuetudine

175 467 380 556 regulariter
402 473 479 556 post
503 469 672 537 viaticum
699 469 778 556 (28).
806 469 938 536 luverit
968 489 1063 537 nune
1087 467 1206 558 paucis
1229 469 1396 558 dispicere
1428 491 1516 560 quae

175 575 347 643 servanda
379 579 461 643 sunt
492 580 531 642 ut
562 575 627 644 hoc
662 582 921 644 sacramentum
953 573 1085 660 valide,
1117 596 1206 666 quae
1238 583 1277 644 ut
1311 574 1404 644 licite
1436 595 1517 644 con-

175 680 259 750 ferri
279 677 396 769 possit.
904 677 906 682 '

234 787 310 856 tao.
338 785 382 854 ut
404 787 531 871 valide,
566 787 668 856 baec:
698 789 761 870 1⁰,
791 793 830 856 ut
862 806 940 876 pars
971 809 1053 856 vere
1084 787 1144 856 lita
1176 788 1232 872 sit,
1259 805 1388 874 ungere
1422 787 1517 856 euim

176 899 230 962 est
261 894 335 962 oleo
359 891 474 978 linire,
499 892 576 961 ideo
606 893 635 962 si
659 893 773 962 oleum
798 899 936 962 tantum
969 914 1071 984 super
1100 914 1139 962 ea
1171 891 1312 962 distillas
1343 892 1429 962 nihil
1453 893 1519 963 erit

178 1005 315 1088 actum3
335 1007 452 1069 utrum
484 1022 569 1069 vero
585 1000 732 1070 sufficiat
747 1022 817 1070 una
848 1001 913 1070 olei
931 1007 1039 1091 gutta,
1058 1001 1253 1090 disputatur
1279 1001 1367 1087 (ttlz
1390 1002 1455 1086 2⁰,
1479 1005 1517 1068 ut

176 1126 299 1178 ororres
322 1127 443 1177 sensus
467 1107 699 1196 inungantur:
726 1109 791 1194 5⁰,
809 1115 849 1178 ut
872 1107 1052 1194 continuo,
1079 1129 1205 1198 nempe
1228 1106 1308 1198 quia
1333 1107 1516 1196 probabilis

175 1214 350 1286 sententia
373 1222 437 1301 est,
455 1237 500 1284 ex
524 1215 685 1285 omnibus
712 1236 818 1284 unam
842 1215 1046 1286 unctionem
1074 1217 1279 1301 coalescere,
1297 1221 1332 1284 et
1356 1215 1517 1284 omnibus

175 1322 318 1392 demum
342 1321 507 1391 absolutis
531 1321 677 1415 gratiam
702 1321 869 1390 conferri:
896 1323 1013 1413 itaque
1036 1321 1181 1410 longiori
1206 1325 1259 1411 (V.
1279 1330 1298 1404 ἓ
1323 1322 1399 1409 058)
1426 1321 1518 1390 inter
1637 1333 1639 1344 ¹

175 1449 283 1498 unam
307 1429 520 1518 alteramque
538 1449 633 1498 mora
659 1428 853 1513 interiecta,
872 1436 1131 1498 sacramentum
1155 1429 1191 1498 in
1216 1429 1349 1499 incerto
1366 1429 1444 1498 erit.
1473 1431 1516 1496 tt

175 1535 276 1622 licite,
303 1535 409 1604 haee:
439 1535 500 1619 1⁰.,
528 1541 566 1602 ut
600 1535 719 1604 unctio
749 1534 809 1604 ssat
843 1535 979 1624 pollice;
1006 1557 1077 1604 non
1101 1536 1169 1605 alio
1194 1536 1331 1625 digito,
1359 1557 1423 1604 uec
1449 1534 1516 1604 vir-

175 1645 253 1732 gula
280 1643 356 1732 (etsi
381 1641 415 1711 id
438 1661 520 1711 usus
545 1643 697 1730 habeat),
723 1641 789 1711 nisi
814 1663 881 1734 qua
906 1635 995 1712 iusta
1019 1663 1121 1712 causa
1147 1644 1256 1713 subsit
1282 1645 1369 1733 (50);
1390 1645 1455 1728 2⁰,
1479 1649 1518 1710 ut

175 1750 212 1819 in
243 1747 356 1818 crucis
380 1747 543 1836 liguram:
578 1750 650 1834 5⁰.,
677 1747 775 1816 utin
808 1748 966 1818 sensibus
996 1749 1165 1839 geminis,
1198 1757 1234 1820 et
1263 1751 1421 1820 sacerdos
1446 1771 1516 1820 non

175 1855 270 1946 prius
301 1855 450 1923 formam
481 1854 650 1938 absolvat,
683 1861 787 1944 quam
812 1860 999 1946 utrumque
1025 1857 1227 1945 perunxerit
1251 1858 1337 1945 (3·l):
1363 1857 1429 1942 1⁰.,
1460 1855 1516 1924 dc-

175 1981 286 2045 mum,
306 1969 343 2028 ut
359 1980 481 2030 omnes
504 1961 688 2030 unctiones
718 1983 762 2030 ex
779 1961 899 2030 ordine
922 1961 1020 2030 liant.
1041 1961 1195 2031 Primum
1218 1969 1252 2030 ct
1275 1964 1423 2031 alterurn
1439 1961 1516 2030 leve

176 2073 241 2154 est,
268 2067 410 2137 tertium
435 2068 512 2136 leve
537 2067 818 2163 puto,ultinrurn
844 2069 958 2138 Nostri
983 2089 1088 2158 grate
1113 2089 1187 2138 esse
1211 2069 1337 2138 docent
1353 2069 1433 2158 (51).
1453 2072 1517 2136 Vc-

176 2199 254 2247 rurn
271 2177 357 2246 haec
375 2175 595 2265 regulariter:
622 2197 702 2244 uam
721 2175 748 2245 si
764 2175 956 2264 periculum
981 2176 1026 2244 sit
1050 2177 1085 2244 in
1111 2197 1220 2261 mora,
1239 2177 1290 2244 las
1306 2174 1372 2244 erit
1394 2195 1516 2244 ornnes

176 2281 359 2352 unctiones
383 2281 547 2372 perficere
571 2281 634 2352 sub
659 2281 761 2351 unica
787 2283 933 2352 formula
949 2321 970 2334 -
988 2288 1056 2350 Per
1082 2287 1183 2352 istam
1207 2303 1234 2350 s.
1253 2285 1454 2350 unctionem
1485 2289 1516 2348 et

175 2409 279 2459 suasu
299 2391 498 2477 piissimam
528 2390 808 2457 irruerieoidiam
832 2390 1018 2477 indulgeat
1042 2389 1103 2457 tibi
1126 2394 1217 2457 Deus
1240 2389 1409 2479 quidquid
1433 2387 1515 2454 deli·

176 2499 281 2586 quisti
301 2516 367 2583 per
389 2499 503 2562 uisum
521 2497 618 2582 (dum
643 2495 760 2564 oculos
783 2494 947 2583 inungit),
975 2495 1137 2564 auditum
1162 2500 1228 2563 etc.
1249 2495 1331 2582 (55).
1352 2499 1463 2562 Immo
1488 2490 1516 2559 si

176 2609 337 2692 aegrotus
352 2603 472 2672 morbo
489 2602 688 2690 contagioso
705 2601 848 2686 laboret,
866 2607 927 2671 aut
948 2602 1103 2671 animam
1121 2609 1212 2690 agat,
1231 2601 1315 2671 satis
1331 2599 1397 2670 erit
1413 2599 1516 2670 unica

176 2710 342 2780 unctione
358 2708 512 2798 defungi,
531 2731 656 2798 nempe
676 2709 777 2800 (quod
796 2715 847 2778 est
869 2709 1071 2794 consultius)
1090 2709 1126 2778 in
1143 2711 1270 2795 fronte,
1290 2711 1345 2778 vel
1362 2714 1514 2798 pectore,

176 2819 232 2886 vel
257 2815 416 2905 scapulis,
435 2815 488 2884 his
512 2813 627 2884 verbis
642 2855 661 2865 -
679 2814 852 2904 quidquid
871 2835 937 2902 per
960 2837 1072 2882 sessus
1097 2815 1283 2904 deliquisti.
1304 2818 1347 2884 At
1361 2815 1455 2882 enirn
1478 2813 1513 2883 in

235 3080 302 3161 (27)
318 3081 445 3140 Cateeb.
462 3083 569 3150 Rom„
584 3081 616 3139 b.
628 3089 663 3150 t.,
679 3081 697 3156 ἓ
712 3081 742 3140 9.
754 3081 820 3145 Qua
875 3081 987 3139 taralis
998 3081 1194 3151 narium-os,
1211 3083 1395 3157 compressis
1410 3081 1515 3150 labiis,

177 3165 208 3223 in
232 3181 265 3222 re
280 3163 475 3238 decipiuntur
490 3162 599 3238 oppido
621 3161 710 3219 multi
728 3193 745 3205 -
761 3161 821 3218 Pa·
874 3196 893 3203 -
909 3159 980 3219 vola
1000 3159 1066 3240 (sed
1081 3162 1113 3219 in
1128 3162 1338 3220 sacerdotibus
1355 3163 1387 3219 in
1407 3161 1517 3236 quibus

175 3243 288 3303 rochus
310 3244 451 3318 proprius
476 3243 613 3315 inquam,
637 3259 676 3300 ex
700 3239 816 3299 officio:
875 3240 1034 3299 bacciam
1057 3241 1138 3300 alias
1160 3247 1261 3312 uncta,
1276 3243 1514 3316 metacarpium,

175 3340 246 3382 nam
262 3322 404 3398 proprius
427 3323 528 3380 instar
543 3321 696 3397 simplicis
718 3339 820 3379 sacer·
875 3321 966 3378 dosso
978 3320 1066 3379 detta
1079 3319 1218 3400 mauo)-
1234 3323 1341 3397 planta
1353 3321 1450 3397 pedis,
1464 3321 1515 3378 vel

176 3401 258 3461 dotis
280 3415 345 3471 est3
369 3403 396 3462 is
428 3391 530 3460 autem
555 3405 680 3460 tenetur
709 3419 748 3460 ex
771 3419 820 3458 ca·
874 3400 922 3478 (ut
950 3397 1080 3477 alicubi)
1099 3404 1318 3461 metatarsium
1338 3402 1434 3480 (collo
1462 3401 1517 3458 det

176 3482 276 3540 ritate
305 3483 359 3539 sub
391 3483 494 3558 gravi,
528 3481 553 3538 si
585 3485 731 3556 aegrotus
761 3498 820 3539 uon
871 3479 994 3559 piede).

176 3561 278 3636 potuit
299 3562 382 3620 aliud
409 3566 636 3620 sacramentum
668 3561 817 3636 recipere,
935 3557 1001 3637 (30)
1023 3559 1055 3618 S.
1079 3561 1118 3619 R.
1144 3561 1192 3632 O.,
1215 3559 1331 3619 liMaii
1361 3559 1449 3618 1847.
1473 3559 1511 3619 V.

175 3641 228 3700 vel
256 3640 455 3717 gravioribus
488 3641 714 3700 tentationibus
736 3641 820 3699 dive·
875 3659 915 3712 c.,
933 3641 960 3700 si
981 3639 1123 3698 infirmus
1145 3641 1249 3706 morbo
1271 3639 1449 3714 contagioso
1470 3639 1516 3698 la-

176 3725 287 3792 xetur3
320 3719 402 3779 alias
433 3739 491 3779 non
521 3723 665 3789 tenetur;
688 3737 760 3778 nam
791 3720 818 3778 si
874 3724 973 3780 boret.
1388 3727 1392 3733 '

177 3801 296 3860 caritas
327 3799 485 3859 infirmum
515 3818 574 3858 non
605 3799 738 3875 obligat,
766 3800 820 3874 qui
934 3797 999 3878 (31)
1011 3799 1078 3858 Rit.
1090 3799 1287 3874 Rom.,316.
1300 3799 1374 3856 Etsi
1385 3800 1419 3857 id
1433 3817 1515 3858 usus

176 3881 368 3940 sacerdotem
392 3881 532 3956 obliget?
874 3890 947 3951 ete.;
961 3888 1086 3938 remota
1109 3883 1312 3940 necessitatis
1336 3888 1392 3938 ete.
1409 3879 1457 3958 (S.
1474 3879 1513 3938 R.

235 3957 301 4037 (28)
322 3959 389 4019 Rit.
412 3961 517 4029 Rom,
541 3960 572 4018 li.
598 3968 633 4028 t.‚
655 3960 713 4019 Sed
746 3965 819 4018 ante
875 3962 923 4032 0.,
949 3961 987 4019 12
1009 3964 1090 4038 Aug.
1116 3959 1216 4040 1854).

175 4059 243 4099 eam
274 4041 348 4098 dare
379 4041 449 4099 leve
481 4044 530 4100 est
550 4040 672 4120 (Groix,
696 4039 751 4110 Vl,
774 4039 816 4112 II,
933 4039 998 4120 (32)
1026 4043 1065 4100 V.
1099 4041 1132 4101 S.
1163 4041 1270 4117 Alpa,
1298 4039 1351 4108 Vl,
1380 4039 1451 4112 710,
1483 4059 1512 4098 v.

174 4116 279 4196 2120).
873 4124 941 4182 Nee
963 4125 1074 4181 etiam.

235 4197 818 4277 (29)v.cr0ix,v1‚11‚20943sul·
933 4201 998 4280 (33)
1020 4201 1115 4263 Oroix
1143 4199 1198 4268 Vl,
1226 4200 1267 4268 ll,
1297 4199 1385 4259 2121.
1420 4201 1516 4258 Prae-

173 4281 278 4357 pbon.,
302 4280 357 4351 VI,
380 4279 452 4352 709,
477 4283 506 4340 d.
531 4282 559 4340 4.
584 4281 729 4342 Getarum
756 4281 818 4338 sul'·
873 4282 1025 4342 mittendo
1046 4281 1175 4338 verbum
1202 4279 1385 4356 deliquisti:
1407 4297 1456 4351 ne,
1480 4297 1515 4337 eo

173 4360 242 4420 ficit
264 4361 420 4436 intingere
442 4361 473 4418 in
488 4361 555 4420 oleo
577 4367 752 4421 extremum
773 4360 818 4418 di·
873 4361 1053 4438 postposito,
1077 4365 1109 4418 at
1140 4359 1263 4417 infirmo
1292 4367 1411 4420 mortuo
1443 4377 1515 4418 non·

174 4439 236 4517 giti
256 4446 288 4500 et
302 4458 417 4516 ungere
430 4440 477 4521 (S.
491 4441 599 4518 Alpb,
620 4443 639 4500 t.
657 4443 711 4520 e).
729 4440 819 4498 Inun-
873 4442 943 4500 dum
972 4439 1111 4498 omnibus
1135 4439 1328 4498 unctionibus
1352 4439 1514 4509 absolutis,

175 4521 290 4596 gendae
305 4527 409 4580 autem
420 4525 492 4580 sunt
507 4521 673 4597 palpebrae
686 4520 818 4580 occlusis
873 4520 953 4580 nibil
974 4518 1067 4589 forte,
1085 4521 1208 4579 omuino
1224 4525 1326 4579 actum
1342 4523 1383 4580 sit
1397 4519 1444 4598 (S.
1459 4520 1514 4581 Al·
1544 4523 1547 4530 '

174 4600 273 4659 oculis
294 4635 306 4643 -
329 4610 472 4660 extrema
493 4602 634 4660 auricula
656 4633 672 4645 -
688 4600 758 4659 alae
774 4600 818 4659 la·
873 4601 978 4678 phou,
1000 4599 1056 4670 Vl,
1079 4597 1161 4678 710).
