3594 5122
278 223 342 292 226
381 243 471 290 uruca
488 245 533 290 nr.
549 259 571 270 -
583 243 698 288 rnncr.
715 242 736 288 1.
756 243 820 288 rrr.
839 242 874 288 n.
895 243 934 286 ue
950 241 1091 287 saonen.
1112 241 1297 288 nunrursrn.
1313 243 1351 286 er
1367 241 1513 289 suscerr.

335 345 412 413 251.
441 349 569 414 Verum
592 349 632 410 ut
662 342 716 411 lris
750 341 786 410 in
820 341 958 444 »casibus
993 340 1201 410 sacramenti
1234 361 1370 432 quoque
1402 341 1620 412 reverentiae

277 451 445 514 caveatur
466 450 637 536 quanturn
661 443 734 512 lieri
759 442 1028 533 potest,„Nostri
1051 445 1190 528 docent,
1216 441 1299 511 illud
1326 445 1390 510 sub
1420 443 1620 514 conditione

278 553 529 620 conterendum
552 569 638 620 esse.
679 551 748 618 Sub
782 549 982 620 conditione
1012 547 1145 618 scilicet
1179 547 1365 638 improprie
1396 548 1501 634 dieta,
1533 569 1621 640 quae

277 657 411 726 nullurn
428 657 608 726 contineat
623 663 791 726 eventunr
809 657 965 725 futurum
982 661 1018 724 et
1033 654 1208 724 incertum
1224 659 1277 743 (V.
1294 655 1382 723 Prol.
1398 657 1484 740 §lh
1499 676 1534 726 n.
1550 656 1617 742 27),

279 783 361 830 narn
384 782 472 853 quae
496 761 694 832 huiusmodi
718 770 888 831 eventum
912 760 1082 846 continet,
1100 768 1360 830 sacramentum
1376 762 1510 830 nullum
1527 781 1620 850 pror-

278 889 337 940 sus
359 876 462 962 atque
486 869 624 939 irritum
648 869 807 939 redderet
825 871 905 958 (ll);
922 875 1025 960 atque
1042 868 1315 958 ideonunquam
1332 890 1402 938 nou
1418 873 1472 938 est
1487 867 1617 937 illicita.

280 974 344 1044 Sed
369 993 433 1043 nee
456 975 571 1043 onrnis
594 974 781 1065 irnpropria
805 973 958 1044 conditio
981 993 1119 1064 semper
1141 973 1236 1044 licita
1266 980 1334 1061 est,
1361 995 1433 1044 non
1464 973 1558 1044 eninr
1582 974 1620 1042 li·

250 1079 252 1084 ’
279 1085 361 1150 cent
383 1080 460 1150 illae
483 1101 630 1172 querum
654 1089 803 1150 euentus
826 1081 980 1150 humano
1004 1081 1107 1149 ruodo
1130 1080 1217 1149 scire
1242 1102 1312 1150 non
1328 1081 1431 1150 datur
1448 1082 1530 1170 (15),
1550 1102 1615 1172 ηθθ

278 1187 356 1258 illae
380 1208 467 1277 quae
490 1188 534 1256 ad
558 1210 631 1256 renr
657 1209 728 1256 non
753 1188 942 1276 pertinent,
967 1185 1092 1278 quippe
1115 1189 1191 1256 sine
1214 1187 1282 1255 ulle
1307 1207 1410 1256 causa
1427 1187 1617 1258 adiiceren-

279 1301 348 1380 tur‚
377 1315 409 1362 v.
428 1315 474 1380 c.,
502 1298 540 1364 Si
558 1304 663 1383 poter
687 1305 767 1363 tuus
790 1297 885 1362 uiuit.
924 1294 988 1364 Sed
1021 1313 1080 1363 eas
1103 1301 1243 1364 tantunr
1266 1315 1354 1385 quae
1378 1294 1556 1383 pertinent
1577 1295 1621 1364 ad

279 1402 521 1491 dispositiones
544 1401 776 1490 suscipientis,
804 1401 859 1470 vel
883 1403 925 1470 ad
954 1402 1109 1471 valorern
1140 1402 1369 1471 sacramenti:
1408 1410 1443 1472 et
1473 1403 1551 1474 illae
1582 1405 1619 1474 in

279 1513 499 1578 saerarnento
523 1507 662 1600 quidern
688 1507 924 1596 poenitentiae
956 1506 1051 1576 licite
1081 1508 1285 1596 regulariter
1316 1514 1557 1599 apponuntur;
1583 1509 1620 1578 in
1686 1588 1687 1592 ¹
1788 1515 1789 1520 ’

279 1614 403 1684 ceteris
426 1613 500 1697 vix,
525 1621 586 1683 aut
610 1615 698 1683 forte
723 1635 767 1682 ne
792 1613 853 1684 vix
877 1613 1030 1706 quidem,
1056 1613 1135 1705 quia
1158 1623 1415 1686 sacramentum
1432 1615 1507 1685 sine
1522 1635 1621 1684 scan-

279 1725 355 1793 dalo
379 1723 496 1792 iterari
521 1723 698 1814 nequiret:
724 1724 787 1791 has
811 1721 960 1791 adiicere
984 1729 1020 1790 et
1042 1721 1123 1791 licet
1146 1729 1182 1792 et
1204 1730 1341 1812 oportet
1366 1725 1447 1812 (16).
1475 1727 1517 1790 Et
1539 1721 1622 1792 setis

238 1895 247 1913 ‚
277 1836 331 1899 est
353 1848 411 1898 eas
434 1827 553 1898 animo
577 1833 612 1898 et
635 1827 831 1898 intentione
855 1830 1039 1918 concipere
1070 1830 1151 1916 (17).
1190 1833 1319 1899 Verum
1350 1829 1378 1897 si
1406 1828 1498 1919 quod
1528 1829 1622 1898 aliud

276 1939 438 2004 occurrat
461 1934 723 2004 incommodum
747 1956 866 2024 graue,
891 1936 982 2023 quod
1006 1956 1067 2024 per
1089 1936 1282 2024 appositam
1306 1934 1542 2006 conditionem
1567 1958 1619 2005 re·

279 2038 413 2109 rnoveri
437 2059 509 2108 non
534 2047 658 2126 potest,
684 2040 888 2128 regulariter
911 2061 976 2109 nee
998 2049 1135 2130 oportet
1158 2063 1224 2111 nec
1254 2043 1336 2111 licet
1365 2040 1537 2110 conficere
1569 2061 1621 2111 sa-

278 2154 516 2234 cramentum,
536 2167 569 2214 v.
590 2167 637 2235 g.,
652 2145 823 2216 conticere
839 2145 1087 2217 eucharistiam
1104 2167 1183 2217 curn
1202 2150 1348 2217 materia
1361 2149 1467 2219 dubia
1482 2153 1622 2239 propter

279 2252 472 2342 periculum
497 2252 710 2322 idololatriae
734 2253 939 2338 materialis,
967 2254 1023 2322 vel
1046 2255 1205 2323 eonlerre
1228 2255 1367 2325 ordines
1391 2261 1529 2346 propter
1545 2277 1619 2346 gre-

278 2357 422 2427 vissirna
446 2357 565 2427 irritae
590 2358 819 2428 ordinationis
842 2358 1064 2430 detrimenta.

405 2591 485 2657 dar.
512 2594 537 2658 l.
566 2594 615 2658 De
640 2595 812 2676 Ministro,
839 2601 870 2660 et
893 2611 984 2680 quoe
1009 2595 1171 2661 minister
1193 2593 1377 2662 observare
1400 2594 1495 2662 debet

669 2701 708 2765 io
732 2702 966 2767 sacramentis
993 2697 1229 2786 conferendis.

340 2873 416 2940 252.
445 2871 644 2966 Ministrunr
675 2873 753 2942 heic
781 2873 913 2963 accipio
948 2873 1007 2964 qui
1042 2873 1162 2943 divino
1195 2875 1361 2944 mandato
1399 2879 1430 2964 (ἓ
1463 2877 1518 2961 99,
1552 2880 1621 2966 pr.)

279 2975 455 3066 praeditus
478 2984 541 3063 est,
568 2977 654 3064 sive,
672 2979 723 3047 uti
741 2979 852 3066 aiunt,
878 3001 920 3048 ex
942 2979 1070 3070 officio:
1096 3001 1199 3072 quern
1217 2987 1253 3048 et
1271 2981 1440 3051 Ecclesiae
1456 2983 1623 3052 mandato

279 3082 476 3173 praeditum
500 3105 573 3154 esse
598 3091 734 3173 oportet
757 3086 833 3172 (Cit.
860 3095 879 3168 ἓ
905 3089 959 3173 99,
986 3108 1021 3156 n.
1041 3089 1088 3176 9).
1115 3087 1224 3156 Alias:
1250 3087 1477 3156 sacramentis
1505 3089 1622 3158 conie-

280 3188 397 3258 rendis
420 3188 580 3259 minister
602 3197 774 3280 potestate
798 3192 941 3279 ordinis,
967 3201 1003 3262 et
1026 3192 1285 3278 iurisdictionis,
1311 3194 1516 3282 regulariter
1537 3215 1623 3284 opus

280 3293 396 3363 hahet.
427 3295 592 3364 Ordinis:
619 3317 664 3366 ex
687 3297 753 3366 hoc
778 3297 891 3386 eapite
915 3298 1041 3390 triplex
1060 3305 1217 3375 statutus
1240 3305 1293 3368 est
1307 3299 1432 3386 gradus
1447 3297 1622 3368 ministro·

280 3421 378 3470 rurn:
404 3400 441 3471 in
465 3403 577 3492 prirno
601 3403 782 3473 constituti
807 3412 890 3474 sunt
915 3405 1084 3496 Episcopi,
1109 3407 1168 3500 qui
1193 3406 1302 3496 (quasi
1327 3405 1501 3476 Ecclesiae
1524 3405 1621 3475 Prin·

340 3619 407 3702 (14)
428 3622 533 3694 Suae,
547 3624 584 3681 D.
603 3623 651 3694 13,
668 3622 698 3694 33
712 3623 749 3683 V.
761 3621 858 3702 Lugo,
877 3626 923 3685 De
977 3629 1123 3701 aegrotus
1145 3623 1243 3682 adhuc
1265 3627 1368 3696 vivet,
1392 3625 1444 3684 vel
1458 3627 1486 3685 si
1500 3628 1622 3686 iterare

280 3703 423 3772 Poeoit„
444 3701 531 3774 XIII,
556 3720 574 3760 a
595 3719 624 3760 n.
650 3702 716 3763 107.
751 3705 818 3764 Nou
840 3707 922 3764 enim
979 3711 1122 3780 oporteat
1153 3711 1378 3766 sacramentum
1409 3706 1445 3764 de
1472 3725 1531 3782 quo
1562 3723 1622 3766 nou

280 3788 354 3842 tunc
375 3787 603 3840 sacramentum
632 3783 719 3842 velet
746 3801 812 3842 cum
839 3786 923 3862 poni·
979 3789 1102 3844 constat
1124 3801 1162 3844 en
1183 3785 1288 3844 valide
1303 3785 1452 3846 collatum
1468 3785 1574 3846 luerit.

279 3869 332 3922 tur
362 3861 508 3930 materia,
542 3865 574 3920 et
595 3861 707 3933 forma,
737 3865 810 3938 quie
837 3865 923 3925 deest
1036 3861 1103 3941 (17)
1125 3865 1172 3923 Ex
1193 3865 1297 3925 Rudr.
1320 3865 1464 3935 Missol„
1492 3867 1540 3925 De
1559 3867 1622 3926 Dc·

280 3942 426 4013 intenti03
449 3958 505 3998 nec
533 3958 636 4016 quum,
662 3943 829 4017 purificata
855 3963 923 4002 con·
980 3946 1070 4018 fect.;
1091 3945 1123 4004 S.
1141 3945 1249 4022 Alph.,
1273 3945 1328 4018 VI,
1344 3947 1395 4007 29.
1419 3945 1549 4006 Scilicet
1572 3965 1622 4004 vo-

279 4022 408 4090 ditione‚
426 4021 513 4078 adest
527 4021 670 4091 intentio,
687 4023 759 4096 quie
773 4031 845 4082 tune
860 4042 924 4082 me·
980 4025 1092 4082 leontos
1120 4024 1191 4104 (uon
1213 4026 1279 4086 eius
1307 4025 1511 4106 significatio)
1539 4030 1624 4102 repit

281 4101 404 4160 terieet
419 4099 519 4158 forme
530 4102 639 4160 desunt
648 4101 701 4176 (V.
715 4101 919 4179 Prol.‚§4l).
978 4105 1192 4163 conditiones.
1216 4105 1257 4165 Et
1278 4105 1306 4164 si
1328 4108 1490 4168 metuenda
1511 4107 1554 4165 sit
1575 4106 1621 4164 oi-

339 4179 405 4258 (15)
426 4179 488 4239 uit.
513 4181 532 4255 ἓ
553 4180 603 4252 41,
620 4199 650 4239 n.
667 4179 717 4240 27.
736 4183 774 4243 V.
793 4184 923 4243 adhaec
978 4184 1077 4243 fensio
1104 4183 1157 4242 rel
1184 4187 1379 4259 perturbatio
1408 4185 1618 4263 suscipientis,

280 4261 313 4320 S.
338 4259 445 4334 Alph.,
476 4259 529 4332 VI,
546 4259 597 4329 26,
616 4260 684 4320 431.
719 4263 761 4322 Ut
784 4269 870 4341 pute,
893 4267 924 4322 si
978 4281 1035 4322 uon
1069 4266 1117 4322 est
1148 4265 1252 4324 verbis
1283 4266 1484 4341 exprimenda
1517 4265 1618 4346 (Vult,

280 4358 313 4400 es
365 4339 619 4400 raedcstiootus.
978 4344 1010 4402 lr.
1021 4351 1056 4412 t„
1072 4343 1162 4415 n.67;
1174 4343 1285 4415 Heius,
1303 4363 1332 4421 p.
1349 4343 1434 4425 275).
1451 4344 1522 4404 Nisi
1537 4343 1621 4404 sorte

336 4357 405 4498 flii)
427 4419 459 4478 S.
484 4419 592 4496 Alph.,
616 4420 642 4490 1,
659 4421 710 4495 49;
727 4423 781 4494 Vl,
800 4423 850 4494 28,
868 4423 921 4484 29.
977 4425 1137 4483 adstantes
1151 4425 1373 4486 existimarent
1387 4430 1618 4484 sacramentum

279 4499 323 4558 Ut
344 4517 413 4558 ecee
435 4501 467 4557 in
488 4500 641 4576 baptismo
673 4501 698 4560 si
730 4503 851 4563 dubites
884 4521 922 4562 an
977 4505 1088 4562 iterari
1110 4505 1188 4579 quod
1211 4504 1328 4564 iterare
1350 4524 1408 4566 non
1423 4503 1620 4584 lieet(S.Al-

279 4595 359 4654 aque
379 4579 421 4638 sit
443 4596 501 4654 que
523 4580 674 4656 baptizas,
699 4582 730 4640 iu
752 4585 787 4642 E.
806 4585 859 4653 U.‚
883 4599 922 4640 an
977 4583 1081 4659 phou,
1107 4583 1242 4663 v1‚29).
