3576 5120
460 229 568 274 carm
593 231 615 276 t.
643 231 684 276 ax
708 230 818 286 oureus
842 231 986 278 triusion
1010 232 1180 280 coustsrxr
1430 215 1490 284 tit

152 346 222 396 uon
264 349 368 398 mane
404 335 465 397 aut
489 327 651 418 meridie;
678 332 737 402 sed
761 332 826 402 hoe
859 340 913 404 est
937 335 1014 404 leve
1039 335 1126 422 llll:
1153 357 1218 405 nec
1245 343 1328 406 sunt
1360 337 1492 429 inquie-

149 433 264 614 tandid
277 434 337 526 qui
369 457 413 506 ex
448 437 571 530 olipun
603 439 810 510 rationabili
841 459 944 510 causa
976 461 1080 510 mane
1112 443 1260 530 lentant,
1292 451 1328 514 et
1357 446 1492 537 vesperi

154 564 241 634 pran
266 549 327 612 ent
354 545 434 634 (54).

725 783 860 852 cirta
884 787 925 851 ll.

615 960 653 1004 ott
677 960 881 1008 ΟΒΙΙΙΙΑΤΙΟΝΕ
910 961 1031 1008 ΙΕΙΙΙΝΙΙ.

468 1091 548 1156 dna.
576 1092 601 1156 Ι.
632 1091 786 1172 Quinam
817 1091 949 1158 ieiunio
977 1099 1179 1160 uocantur.

217 1262 292 1330 155.
319 1260 492 1332 Ieiunium
525 1261 800 1333 ecclesiasticum
828 1261 953 1354 quibus
982 1265 1101 1335 diebus
1136 1265 1345 1358 praecipitur
1367 1265 1495 1355 obligat

153 1367 220 1436 suh
243 1367 341 1458 gravi
365 1387 488 1438 omnes
510 1367 554 1436 ab
576 1389 670 1438 anno
693 1371 748 1454 il,
775 1369 981 1440 naturaliter
1003 1373 1121 1460 (Prot,
1148 1382 1166 1455 ἓ
1192 1375 1248 1460 50,
1274 1395 1309 1442 n.
1336 1375 1369 1462 5)
1401 1395 1495 1445 com·

153 1483 277 1568 putato
304 1481 364 1567 (Ι),
390 1478 501 1548 donee
525 1499 658 1548 annum
682 1479 725 1548 60
750 1479 794 1565 (2)
819 1479 949 1550 luerint
970 1480 1115 1568 ingressi
1142 1483 1200 1572 (5).
1220 1483 1288 1552 Sub
1308 1481 1418 1570 gravi,
1444 1482 1496 1551 in·

152 1608 274 1678 quam,
292 1586 405 1678 quoad
420 1593 605 1676 utramque
629 1585 681 1654 sui
707 1593 851 1674 partem.
871 1586 1044 1658 Sedaliter
1055 1595 1091 1657 et
1102 1587 1220 1660 aliter:
1240 1610 1334 1678 num,
1351 1589 1410 1684 qui
1424 1591 1496 1679 plu·

154 1695 224 1765 ries
248 1695 399 1777 comedit
427 1693 536 1764 vetita
567 1693 737 1778 ciborum,
763 1694 890 1782 pluries
917 1695 1071 1784 graviter
1093 1704 1215 1786 peccat
1247 1700 1311 1786 (l),
1336 1697 1395 1789 qui
1420 1701 1497 1788 post

155 1803 346 1872 secundam
371 1801 598 1871 reiectionem
622 1799 749 1870 iterum
774 1800 922 1890 prandit,
948 1801 1089 1889 iterum,
1116 1805 1245 1890 verius,
1264 1805 1334 1876 non
1361 1811 1494 1895 peccat,

155 1930 252 1993 nam,
278 1929 322 1977 ex
346 1927 414 1998 quo
437 1905 590 1976 secundo
613 1905 776 1991 comedit,
802 1905 972 1976 ieiunium
996 1907 1158 1998 deinceps
1181 1932 1227 1982 ne
1250 1909 1394 1999 intelligi
1419 1910 1493 2002 qui-

156 2013 237 2083 dem
261 2020 387 2104 potest,
400 2011 482 2104 quid
494 2011 599 2102 igitur
622 2012 751 2100 frangit
766 2013 1055 2104 (illdtveroqui
1080 2019 1116 2082 et
1138 2035 1260 2085 earnes
1283 2016 1447 2102 comedit,
1460 2021 1496 2086 et

157 2121 286 2190 iterum
311 2118 461 2208 prandit,
479 2117 558 2209 quia
582 2137 693 2186 unum
717 2123 940 2207 praeceptum
957 2118 1065 2188 violat
1088 2140 1198 2190 unum
1221 2122 1405 2192 dumtaxat
1420 2143 1497 2212 pec·

158 2231 278 2296 catum
301 2223 467 2293 admittit.

220 2331 295 2400 156.
323 2333 350 2399 A
380 2329 510 2398 ieiunio
545 2337 690 2398 excuset
724 2332 983 2399 incommodum
1019 2353 1138 2420 grave,
1163 2333 1275 2422 quoad
1310 2339 1495 2424 utramque

158 2437 212 2508 sui
248 2444 403 2528 partem,
440 2444 542 2526 prout
575 2435 612 2505 in
651 2437 873 2507 observantia
910 2440 1078 2508 festorum
1117 2441 1157 2526 (ἓ
1192 2439 1290 2528 tis).
1332 2447 1405 2510 Hoc
1438 2460 1497 2508 au-

158 2551 231 2616 tem
255 2543 476 2634 singulariter
509 2543 687 2614 aestimari
718 2543 820 2614 debet
843 2545 908 2634 (6),
936 2545 1079 2638 ideoque
1115 2553 1187 2616 tota
1224 2547 1309 2617 haee
1342 2548 1498 2640 quaestio

158 2659 212 2722 est
247 2649 331 2720 lacti
366 2671 437 2719 non
472 2649 567 2719 iuris.
595 2649 829 2720 Nihilominus
863 2657 902 2720 ut
936 2650 1064 2738 aliquid
1096 2652 1302 2741 generaliter
1335 2653 1497 2740 dixerim,

159 2757 421 2826 incommodum
445 2757 556 2848 quoad
591 2756 732 2826 unicam
757 2758 1008 2827 comestionem
1034 2760 1149 2828 lacere
1173 2765 1329 2848 possunt,
1360 2761 1424 2847 l⁰.,
1450 2762 1496 2831 la·
1558 2831 1561 2836 .

160 2864 222 2936 bor
245 2866 293 2948 et,
319 2864 385 2948 2⁰,
411 2861 563 2932 conditio
588 2862 787 2934 ieiunantis.
816 2869 865 2932 Ex
887 2869 1006 2952 primo
1030 2872 1242 2934 excusantur
1262 2865 1320 2956 qui
1343 2887 1404 2956 per
1428 2887 1499 2936 ma·

160 2971 270 3039 iorem
295 2967 363 3036 diei
387 2975 521 3057 partem
539 2976 705 3038 exercent
728 2989 825 3059 opus,
843 2971 934 3060 quod
957 2970 1032 3040 sine
1057 2991 1183 3060 magno
1206 2971 1321 3041 labore
1344 2974 1499 3042 exerceri

160 3095 231 3146 non
256 3079 371 3163 potest
397 3075 459 3162 (7);
484 3094 544 3143 seu
579 3073 717 3160 servile,
743 3095 804 3145 seu
838 3075 976 3145 liberale
1004 3075 1067 3164 (8),
1093 3083 1215 3165 utputa
1239 3077 1437 3148 concionari
1463 3078 1499 3148 in

159 3299 206 3377 (S.
224 3297 336 3374 Alph„
362 3297 383 3355 l.
401 3293 456 3375 c).
474 3295 611 3386 Alioubi,
636 3293 806 3387 utin'Ger·
890 3295 962 3432 dil)
985 3295 1089 3366 Suam,
1117 3295 1163 3354 De
1191 3295 1312 3390 netto,
1339 3297 1428 3390 Tom.
1457 3295 1498 3365 ΙΙ,

161 3379 284 3448 mania,
316 3395 374 3436 nou
402 3380 565 3452 quaemtur
585 3375 622 3432 de
648 3376 804 3448 qualitate
859 3373 928 3434 Lib.
956 3375 996 3445 V,
1009 3374 1502 3452 0660162.-Ιῐειιιαοιόονωη,

162 3457 313 3528 ciborum,
328 3460 378 3516 sed
393 3459 430 3516 de
442 3453 619 3532 quantitate
630 3455 804 3514 dumtaxat.
860 3455 941 3515 idest
963 3473 1098 3524 carnem,
1122 3473 1192 3526 ora,
1219 3475 1342 3516 caseum
1372 3457 1499 3536 (Salax,

221 3536 289 3616 (33)
310 3537 342 3596 S.
367 3535 476 3612 Alph.,
500 3535 557 3604 ΙΙΙ,
582 3534 672 3594 1024.
696 3535 736 3594 Et
767 3552 806 3593 ex
858 3537 908 3604 23,
932 3535 962 3606 2,
986 3533 1050 3613 20).
1064 3537 1214 3606 Plotiae,-
1234 3555 1342 3613 nempe
1363 3537 1390 3596 si
1412 3537 1441 3594 id
1458 3535 1502 3595 le·

164 3615 248 3676 iuste
283 3634 376 3674 causa
404 3632 493 3676 mane
527 3615 805 3687 collatiunculam,

164 3713 233 3754 sero
254 3695 410 3771 potionem
433 3713 565 3767 sumere,
590 3715 627 3754 ne
649 3697 721 3754 leve
741 3695 807 3768 qui·

163 3776 289 3932 deman
311 3857 344 3916 s.
369 3855 505 3922 noenu,
531 3855 569 3916 to
591 3854 672 3914 runis
696 3855 784 3914 1834.

240 3933 271 4012 1)
291 3936 419 4004 Senon„
436 3935 548 4005 M.,II,
565 3938 616 4006 24,
629 3937 686 4006 23;
703 3936 735 3994 S.
754 3934 808 3994 Al·

164 4015 272 4092 phon.‚
295 4015 353 4076 Ill.

859 3615 940 3676 uerit
962 3620 1068 3684 novio,
1082 3623 1114 3678 et
1135 3635 1193 3676 non
1207 3625 1329 3678 tantum
1345 3617 1502 3692 repetitis,

860 3695 1035 3756 voluntatis
1056 3697 1176 3757 actibus
1195 3697 1311 3774 (Prot,
1335 3697 1353 3771 ἓ
1374 3695 1456 3773 287).

918 3777 965 3856 (5)
986 3776 1100 3846 satec,
1122 3779 1153 3849 2,
1176 3777 1207 3846 2,
1232 3776 1300 3848 147,
1324 3777 1353 3836 8.
1371 3776 1503 3834 Perinde

860 3873 898 3914 ao
919 3855 946 3916 si
967 3857 1027 3916 tibi
1049 3857 1273 3934 praecipietur,
1298 3875 1334 3914 ne
1356 3873 1413 3914 vas
1444 3855 1504 3914 ali·

860 3939 938 4012 quod
946 3936 1115 4013 l'rangaset
1126 3936 1429 4016 fregeris(Salm.,n.
1439 3932 1501 4011 47).

861 4019 964 4092 Atque
986 4019 1063 4088 ideo,
1088 4018 1205 4087 verius,
1222 4019 1284 4076 etsi
1305 4018 1435 4077 seeundo
1456 4034 1504 4076 oo·

224 4095 270 4174 (2)
290 4097 323 4154 S.
348 4093 530 4174 xiph.‚111‚
555 4096 643 4156 1036.
664 4095 724 4154 Seu
745 4113 810 4154 me·

164 4191 227 4246 ree,
244 4193 307 4247 seu,
326 4177 443 4247 verius,
461 4174 612 4235 foeminae
631 4175 678 4250 (S.
699 4176 807 4252 Alpe„

167 4253 269 4334 1037).
293 4257 333 4318 Et
355 4258 401 4316 ita
422 4257 551 4316 utimur.

225 4334 271 4414 (3)
292 4335 324 4396 S.
349 4337 458 4413 Alph„
477 4336 555 4397 1035
575 4353 636 4412 pm,
654 4336 732 4396 1030
753 4337 807 4395 fin.

166 4417 213 4474 Ac
222 4415 350 4492 proinde
364 4417 617 4492 neque-minores
637 4433 675 4475 ea
691 4421 808 4485 aetate,

165 4511 264 4569 neque
285 4497 342 4556 hoo
364 4497 497 4556 maiores
519 4505 615 4566 tenet,
640 4497 700 4556 etsi
732 4495 810 4554 riri-

167 4575 223 4638 bus
242 4577 371 4636 valeant
390 4577 444 4657 (ΙΙ.
468 4577 568 4645 Prol.‚
592 4577 610 4651 ἓ
634 4575 714 4654 186).

862 4097 1005 4168 modern,
1020 4097 1130 4156 ieiunii
1142 4095 1269 4168 inscius,
1280 4097 1331 4156 vel
1341 4096 1505 4156 immemor

862 4177 910 4258 (S.
934 4177 1042 4253 Alph.,
1068 4176 1156 4247 1030,
1181 4195 1210 4253 q.
1236 4177 1290 4255 ΙΙ).

922 4256 967 4336 (6)
989 4259 1226 4330 Βίηῃπίανίτεν.
1251 4258 1379 4333 Nempe,
1409 4264 1443 4316 ut
1473 4273 1504 4314 o·

864 4337 963 4413 pinor,
994 4337 1114 4412 quoties
1144 4339 1181 4396 de
1207 4338 1353 4397 solvendo
1382 4334 1528 4412 quaeri-¹

864 4434 942 4487 mus,
966 4435 1023 4474 non
1044 4417 1081 4474 de
1104 4417 1230 4493 ligando
1251 4415 1302 4494 (V.
1321 4423 1384 4476 not.
1402 4417 1446 4495 3).

924 4493 971 4574 (7)
993 4497 1025 4556 S.
1049 4496 1156 4571 Alph,
1183 4495 1272 4570 1042,
1297 4516 1326 4556 v.
1350 4497 1432 4555 Alii.

924 4575 969 4654 (8)
990 4575 1091 4647 Lesa,
1115 4575 1169 4648 tv,
1193 4576 1234 4648 II,
1258 4577 1307 4636 43.
