3530 5124
314 264 377 335 586
413 261 415 270 ’
678 290 766 335 arnna
791 291 838 346 nr.
857 307 878 318 -
894 289 1010 336 ‘ranem
1039 291 1079 336 rr.
1107 291 1147 335 nn
1172 289 1373 336 nararuoruo

313 386 593 459 animadvertere
618 389 732 458 virum
757 397 792 458 ct
816 387 996 459 mulierem
1028 391 1291 462 matrimonium
1322 393 1545 482 contrahere,
1577 393 1651 462 sive
1746 417 1748 486 ρ

314 517 359 564 ex
381 495 499 584 signis,
525 497 553 566 si
578 498 666 566 torte
690 495 783 566 surdi
803 497 885 586 (68);
912 497 986 566 sive
1003 518 1048 567 ex
1063 497 1211 590 loquela,
1230 497 1257 568 si
1274 501 1369 569 caeci
1386 501 1468 589 (69)
1500 499 1575 571 sive
1592 523 1653 591 per

314 603 555 694 interpretem,
580 603 608 674 si
634 603 744 693 ignari
767 603 838 673 sint
861 603 1037 674 idiomatIs
1055 605 1135 695 (79).
1168 605 1312 676 Proinde
1345 605 1439 676 valet
1473 607 1652 677 matrimo-

315 711 426 798 nium,
451 713 515 782 etsi
539 714 709 803 parochus
734 712 841 801 fingat
863 733 899 781 se
924 733 994 782 non
1020 712 1224 802 intelligere,
1250 713 1439 784 dummodo
1463 737 1588 788 revera
1610 737 1653 785 ea

314 821 447 889 actrbns
470 821 752 889 antecedentibus
775 829 807 888 et
828 819 1116 910 consequentibns
1136 825 1332 909 perceperit
1345 843 1551 891 conccnsnm
1566 842 1652 911 par·

314 929 403 994 tiam
423 927 503 1016 (71),
529 927 638 996 immo
662 927 727 996 ctsi
752 926 837 996 nihil
861 925 1000 1013 viderit,
1018 925 1167 996 audierit
1183 927 1269 998 nihil
1288 932 1464 1018 (praesens
1480 930 1649 1021 inquam),

313 1035 398 1124 qnia
409 1033 538 1117 videre,
555 1033 683 1102 andire
699 1034 822 1118 noluit,
838 1053 918 1100 carn
932 1029 1040 1119 [acite
1056 1033 1174 1102 videre
1190 1041 1226 1103 et
1241 1035 1370 1104 andire
1385 1040 1549 1124 patuisset
1563 1037 1645 1126 (72).

315 1145 386 1209 Nec
409 1139 557 1230 denique
582 1161 667 1229 opus
691 1147 755 1225 est,
781 1147 820 1208 ut
835 1145 943 1208 testes
959 1145 995 1208 et
1010 1141 1150 1228 parochi
1164 1149 1376 1231 cognoscant
1391 1145 1651 1230 contrahentes,

315 1265 398 1314 nam
421 1245 505 1314 satis
528 1253 581 1315 est
613 1251 652 1314 ut
675 1265 734 1314 eos
757 1245 867 1336 (quasi
898 1250 956 1336 qui
988 1252 1273 1336 pertranseuntes
1301 1247 1455 1318 viderint
1486 1249 1650 1342 aliquem,

315 1369 349 1418 v.
369 1369 416 1436 c.,
442 1352 632 1435 iurantem,
659 1349 715 1419 vel
739 1351 971 1439 occidentem)
989 1371 1235 1441 recognoscere
1252 1354 1385 1444 possint
1401 1357 1483 1444 (75).
1512 1357 1575 1426 Sed
1594 1378 1651 1426 ne-

315 1475 411 1526 cesse
435 1464 489 1526 est
512 1462 552 1524 ut
574 1456 690 1526 adsint
712 1477 835 1526 omnes
858 1477 928 1530 ana
951 1457 1055 1526 simul
1072 1459 1154 1547 (71).

407 1699 425 1773 5
451 1692 483 1760 t.
513 1695 559 1759 tte
582 1691 813 1760 celebratione
838 1693 1073 1776 matrimonii,
1100 1711 1172 1781 qua
1197 1699 1246 1759 cst
1272 1701 1552 1761 sacrarrtcntant.

372 1873 448 1942 abt.
478 1869 586 1939 liuius
609 1867 818 1939 sacramenti
855 1867 1006 1938 ministri
1042 1868 1181 1958 ipsimet
1214 1871 1462 1940 contrahentes
1497 1869 1652 1940 invicem
1746 1915 1747 1920 ,

224 1983 225 1986 ’
312 1985 406 2064 sunt,
434 1977 497 2068 ipsi
522 1983 558 2046 et
581 1975 744 2046 subiecti:
772 1977 849 2045 ideo
873 1980 1022 2066 uterque
1038 1995 1164 2045 cavere
1180 1975 1295 2062 debet,
1321 1998 1365 2046 ne
1382 1977 1522 2066 indigne
1545 1977 1652 2047 susei-

312 2085 396 2175 piat,
424 2105 468 2153 ne
483 2083 632 2178 indigne
657 2081 845 2168 ministret,
864 2103 909 2152 ne
928 2083 1089 2151 conterat
1104 2081 1257 2171 indigno.
1279 2087 1328 2152 Nc
1347 2087 1525 2173 suscipiat,
1550 2093 1655 2173 prout

311 2189 459 2281 quodvis
481 2189 574 2260 aliud
599 2187 762 2258 rivorum
786 2194 1060 2274 sacramentum,
1087 2195 1123 2257 et
1145 2189 1287 2278 planum
1311 2197 1381 2259 est:
1399 2211 1440 2260 ac
1455 2190 1601 2280 proinde
1617 2197 1656 2260 ut
1746 2221 1747 2230 Ι

313 2317 378 2366 nec
401 2315 548 2366 censura
572 2294 686 2386 aliqua
710 2294 933 2384 impediatur,
959 2315 1025 2364 nec
1049 2302 1193 2384 peccato
1209 2297 1314 2383 letali,
1333 2303 1437 2388 atque
1454 2296 1532 2367 ideo
1547 2303 1589 2366 ut
1613 2319 1653 2367 ea

311 2401 399 2472 sciat
414 2423 504 2493 qnae
519 2404 568 2474 ad
583 2401 733 2471 salutern
757 2405 957 2471 neccssaria
980 2411 1064 2470 sant
1078 2403 1139 2488 (Ι),
1157 2412 1189 2470 et
1212 2404 1417 2474 rudimenta
1433 2405 1525 2494 fidei,
1543 2427 1655 2495 qaam

312 2533 355 2581 ca
379 2511 505 2579 deinde
528 2511 618 2600 filios
641 2530 719 2577 snos
734 2509 855 2578 docere
879 2507 1000 2578 debeat
1018 2510 1077 2597 (9)
1104 2530 1186 2579 nam
1211 2509 1267 2580 illa
1291 2511 1519 2582 christianum
1537 2515 1656 2602 culpa·

312 2618 440 2703 hiliter,
466 2618 552 2688 haec
577 2621 737 2705 parentes
761 2617 897 2685 tuturos
921 2615 978 2684 vel
1001 2615 1258 2706 inculpabiliter
1281 2617 1441 2708 ignorare
1468 2621 1562 2689 letali
1581 2642 1655 2691 non

313 2729 421 2793 caret.
452 2727 500 2791 h'e
525 2727 701 2792 ministret
723 2719 877 2809 indigne,
902 2721 991 2791 idest
1014 2719 1176 2812 indignus
1200 2723 1291 2813 ipse;
1318 2745 1441 2794 rerum
1465 2725 1545 2816 quia
1583 2748 1657 2797 non

313 2829 493 2899 ministrat
515 2851 557 2896 cn
581 2827 689 2920 officio
714 2829 746 2914 (S
763 2828 841 2912 tit,
860 2847 895 2896 n.
919 2827 985 2916 ta),
1011 2833 1047 2896 et
1071 2827 1231 2898 minister
1253 2835 1307 2899 est
1328 2829 1426 2922 quasi
1447 2852 1513 2919 per
1536 2853 1654 2902 consc-
1745 2877 1747 2886 =

312 2958 431 3029 quens,
458 2958 477 3006 a
502 2935 594 3004 letali
619 2939 808 3004 excusatur
824 2935 882 3023 (5).
912 2939 1057 3004 Domum
1083 2954 1127 3002 ne
1144 2933 1320 3005 ministret
1334 2937 1503 3026 indigno:
1531 2937 1653 3008 hocin
1745 2981 1746 2986 ,

371 3198 425 3358 pes
460 3196 588 3268 sanan,
612 3195 670 3266 nr,
693 3195 744 3264 39,
767 3193 797 3252 2.
1008 3190 1084 3271 57),
1108 3193 1159 3251 ver
1180 3193 1210 3252 et
1230 3196 1406 3254 tradentem
1421 3195 1568 3255 annulum
1578 3196 1655 3336 qm·
1744 3157 1746 3212 ³

385 3279 424 3339 69
458 3272 951 3344 Menoch.,DeProbat.‚Oonel.
1008 3289 1063 3331 cra
1088 3273 1241 3350 Congreg.
1268 3273 1375 3344 (lonc,
1403 3273 1575 3336 28Nor.l

311 3358 383 3428 207,
409 3355 458 3429 103
481 3357 588 3426 Grais,
611 3355 666 3426 Vl,
691 3355 747 3424 111,
770 3357 842 3426 758,
875 3351 950 3427 ibiq.
1007 3353 1108 3422 Ibid„
1130 3351 1205 3430 55).

313 3437 441 3510 Sanoh.,
471 3436 611 3504 Pontius,
641 3436 786 3504 Filiuco.,
818 3437 951 3495 Aversa.
1067 3431 1134 3510 (72)
1155 3433 1267 3492 Bened.
1285 3433 1372 3503 XIV,
1396 3433 1484 3506 XIII,
1513 3433 1564 3504 23,
1601 3436 1651 3496 10.

1599 3277 1652 3336 71.
1744 3335 1745 3348 ,

313 3519 441 3593 Nempe,
466 3517 493 3575 si
515 3523 604 3574 notas
625 3515 759 3574 habeant
774 3533 864 3574 voces
885 3531 954 3574 con·
1007 3513 1050 3573 Ut
1071 3530 1153 3580 ecce,
1177 3513 1205 3571 si
1226 3512 1377 3572 clauserit.
1398 3514 1515 3584 oculos,
1537 3513 1655 3591 digitis
1739 3539 1745 3560 r

311 3597 517 3656 trahentium.
541 3594 634 3654 Aliud
656 3599 767 3670 putant
795 3595 949 3654 Mescard.
1008 3609 1098 3652 aures
1113 3593 1307 3653 obstruxerit
1321 3593 1442 3674 (Pont,
1460 3595 1499 3662 V,
1515 3595 1567 3660 21,
1589 3595 1651 3672 12).

311 3676 372 3756 (De
386 3677 529 3743 Probat,
544 3674 650 3734 Ooncl.
664 3671 733 3744 218,
746 3674 790 3753 7),
808 3677 952 3734 Gratian.
1007 3675 1091 3740 Quae
1102 3673 1213 3750 agendi
1228 3672 1311 3732 ratio
1326 3673 1503 3732 mehercule
1516 3675 1657 3734 ridicula

311 3757 466 3835 (Discept.
482 3753 730 3831 recalato),
747 3756 883 3814 Barbosa
908 3753 954 3814 De
1008 3757 1067 3824 est3
1091 3754 1245 3828 nequead
1274 3751 1359 3811 aliod
1388 3754 1486 3822 valet,
1515 3757 1589 3812 nisi
1619 3764 1660 3812 nt

314 3836 399 3912 Offic.
415 3837 581 3911 Episcopi,
595 3835 645 3903 32.
662 3833 724 3904 87),
741 3835 785 3894 De
800 3834 877 3893 Iust.
908 3835 951 3903 ΙΙ,
1008 3835 1137 3892 animos
1163 3833 1432 3892 contrabentium
1464 3832 1657 3910 aliquando

313 3915 462 3994 19,105),
488 3914 612 3974 scilicet
635 3916 672 3973 oh
692 3915 881 3991 deceptionis
904 3933 955 3991 pe·
1007 3913 1175 4052 qqrapulis
1198 3919 1348 3989 torqueat
1365 3913 1486 3991 (Croix,
1509 3913 1566 3984 VI,
1593 3915 1655 3985 ΙΙΙ,
1742 3971 1744 4006 1

312 3997 457 4056 ricrrlunr.
1049 3995 1091 4053 8.

372 4075 438 4155 (70)
459 4077 495 4135 L.
514 4074 542 4146 1,
565 4073 671 4150 gula,
689 4073 735 4134 De
755 4075 790 4134 V.
809 4073 858 4141 O.,·
874 4075 950 4134 San·
1067 3991 1133 4230 173)
1155 4071 1282 4143 Sanch.,
1306 4071 1364 4144 III,
1387 4071 1438 4141 39,
1463 4071 1511 4132 11.

312 4159 398 4226 chez,
421 4156 478 4224 ΙΙΙ,
501 4155 550 4226 41,
572 4153 602 4212 2.
1080 4154 1119 4213 74
1153 4151 1190 4211 L.
1210 4153 1242 4225 9,
1265 4154 1300 4214 O.
1325 4151 1372 4212 De
1394 4153 1595 4212 Testament.

371 4234 437 4316 (71)
458 4238 490 4296 S.
509 4236 542 4294 (l.
559 4235 607 4306 0.,
629 4234 759 4294 aMart.
790 4233 878 4304 1741,
902 4252 950 4310 ap.
1081 4232 1111 4310 1)
1132 4234 1179 4291 Ex
1200 4235 1234 4293 Ο.
1259 4234 1335 4292 Ben.
1353 4231 1440 4302 XIV,
1456 4233 1532 4291 Etsi
1547 4235 1658 4291 mini-

312 4316 468 4380 Oavalie..
481 4315 548 4375 aa.
562 4315 726 4390 lioperto,
741 4315 866 4374 Decret.
879 4315 952 4385 Xll,
1009 4332 1071 4382 me,
1092 4313 1110 4390 ἓ
1127 4312 1174 4371 ll.

311 4397 376 4472 58.
397 4396 440 4456 Ut
461 4414 531 4455 ecce
553 4395 580 4454 si
602 4413 708 4454 vocem
729 4395 851 4470 quidem
866 4413 953 4471 spon·
1066 4391 1113 4472 (2)
1135 4394 1203 4452 Rit.
1227 4391 1331 4462 Rom,
1355 4392 1386 4452 b.
1404 4399 1439 4460 t,
1461 4409 1529 4469 pr.;
1554 4391 1660 4452 Bene·

312 4493 376 4547 sae,
400 4477 452 4535 vel
474 4475 577 4552 sponsi
593 4475 720 4536 minIme
735 4473 882 4544 audierit,
899 4477 952 4534 sed
1007 4473 1083 4534 dict.
1097 4473 1183 4542 XIV,
1206 4471 1253 4531 Dc
1269 4471 1362 4548 syn„
1383 4471 1468 4540 VIII,
1489 4469 1538 4541 14,
1556 4470 1587 4532 3.

311 4554 431 4616 viderit
452 4573 595 4633 sponsum
618 4573 709 4616 manu
739 4571 880 4633 sponsam
905 4561 953 4613 te·
1066 4550 1658 4633 (amenego,aeSacram.,v111,

311 4641 435 4696 nentem
455 4635 501 4717 (S.
519 4637 553 4698 (i.
572 4635 620 4708 G.,
646 4633 763 4696 121an.
783 4635 871 4695 1715.
890 4633 952 4704 lb„
1008 4651 1070 4694 an.
1088 4633 1158 4694 204..
