3594 5122
561 267 665 328 caput
690 269 737 314 nr.
764 269 803 313 on
827 267 930 314 sanan
954 267 1165 314 ounrnerrons
1468 245 1533 315 255

192 369 375 440 Doctrina:
412 374 447 439 ct
475 391 535 459 pro
559 375 704 440 tonsura
728 376 782 440 sat
805 376 858 439 est
882 368 923 454 si,
949 376 1085 460 praeter
1109 369 1306 440 rudimenta
1330 367 1423 455 iidei,
1449 369 1536 438 sciat

191 475 304 565 tegere
339 483 374 546 et
407 475 576 562 scribere,
613 497 674 565 pro
711 476 904 546 minoribus
927 464 1106 546 ordinibus
1130 495 1215 565 opus
1238 482 1292 545 est
1314 480 1354 544 ut
1376 473 1534 563 linguam

192 582 337 652 latinam
371 582 566 671 intelligat,
604 603 665 673 pro
689 581 939 652 subdiaconatu
964 586 1000 651 et
1022 581 1208 652 diaconatu
1231 587 1271 650 ut
1294 583 1381 674 sciat
1403 581 1533 666 literae,

190 693 228 757 et
250 708 291 757 ea
314 709 402 779 quae
426 687 469 758 ad
492 687 650 758 ordinem
673 687 908 758 exercendum
932 687 1129 777 pertinent3
1156 709 1218 777 pro
1233 688 1474 777 presbyteratu
1497 690 1537 754 ut

192 801 299 886 queat
322 797 486 886 populum
512 795 636 865 docere
659 795 853 866 necessaria
877 794 1104 879 adsalutem,
1128 801 1235 885 utque
1259 800 1479 884 noscatquae
1494 793 1537 861 ad

125 981 128 991 ¹
192 901 443 972 eonferendum
478 903 703 991 baptismum,
739 901 1048 972 eucharistiamet
1071 906 1108 969 E.
1136 903 1174 968 U.
1201 920 1303 970 nosse
1326 907 1475 988 oportet,
1500 905 1549 970 et·

193 1009 343 1101 aliquam
380 1009 472 1078 circa
497 1009 732 1099 poenitentiae
756 1015 1016 1078 sacramentum
1040 1007 1199 1098 peritiam
1224 1007 1447 1096 habeattitt).
1476 1013 1536 1076 be·

195 1136 292 1184 mum
317 1114 507 1205 gravitate:
534 1123 638 1207 atque
662 1116 739 1186 ideo
762 1122 927 1185 arcentur·
950 1114 1143 1185 minoribus
1165 1113 1342 1204 ordinibus
1365 1114 1534 1200 infantem

14 1203 16 1218 ’
133 1259 139 1266 ⁵
192 1221 464 1307 subdiaconatu,
501 1222 708 1306 diaconatu,
745 1229 780 1292 et
815 1221 1056 1310 presbyteratu
1091 1219 1150 1311 qui
1175 1221 1236 1305 tt,
1261 1221 1321 1305 at,
1348 1219 1390 1288 as
1413 1217 1537 1288 aetatis

14 1323 15 1354 ³
90 1355 97 1372 .
192 1348 327 1397 annum
364 1328 520 1398 nondum
556 1326 759 1417 attigerint;
794 1327 1000 1417 Episcopatu
1031 1327 1090 1418 qui
1123 1326 1166 1395 50
1196 1325 1353 1395 nondum
1376 1343 1532 1394 excesse-

194 1432 266 1502 rint
284 1435 373 1522 (bi):
399 1434 527 1526 quique
551 1435 693 1503 demum
716 1435 841 1526 quavis
864 1433 1128 1522 irregularitate,
1156 1433 1212 1501 vel
1227 1431 1427 1524 impropria,
1446 1431 1537 1500 labo·

195 1546 296 1609 rant:
333 1547 368 1609 et
395 1539 431 1608 in
455 1539 576 1630 primis
599 1539 817 1629 coniugatus,
843 1538 954 1608 invita
978 1559 1099 1623 uxore,
1126 1557 1170 1606 ne
1193 1543 1373 1607 tonsuram
1397 1536 1536 1628 quidem

195 1645 348 1735 recipere
371 1653 485 1735 potest
503 1648 586 1734 (It).

382 1875 463 1940 dar.
490 1877 545 1940 111.
573 1876 622 1940 Dc
646 1875 759 1942 Socra
783 1873 1010 1941 ordinatione
1033 1874 1099 1939 rite
1119 1873 1342 1959 peropenda.

252 2061 328 2130 stt.
356 2063 399 2127 Ut
422 2079 519 2130 sacra
543 2059 716 2130 ordinatio
739 2059 805 2128 rite
828 2067 1025 2148 peragatur,
1051 2058 1105 2128 his
1121 2080 1202 2148 prae
1218 2059 1343 2129 ceteris
1359 2079 1444 2148 opus
1461 2065 1529 2128 est:

137 2157 141 2169 “
197 2168 261 2246 1⁰..
286 2172 325 2235 ut
355 2165 495 2235 ordines
516 2187 578 2236 suo
602 2173 757 2256 tempore
781 2165 1013 2255 recipiantur,
1039 2167 1104 2252 2⁰,
1129 2173 1169 2234 ut
1191 2166 1380 2264 gradatim,
1406 2168 1471 2253 5⁰,
1496 2173 1536 2235 ut

197 2271 345 2342 servatis
375 2271 584 2341 interstitiis.
613 2276 680 2341 Suo
705 2281 866 2360 tempore.
901 2275 1054 2342 Tonsura
1078 2271 1202 2362 quovis
1225 2272 1279 2342 die
1304 2269 1454 2342 conferri
1478 2291 1536 2361 po-

193 2385 274 2465 test,
300 2385 336 2449 et
357 2377 481 2471 quavis
505 2381 600 2449 bora.
628 2379 780 2450 Minores
804 2377 942 2448 ordines
964 2378 1084 2448 diebus
1108 2385 1246 2448 tantum
1270 2381 1367 2450 testis
1382 2381 1423 2448 de
1440 2400 1536 2470 prae·
1602 2372 1605 2382 '

194 2493 314 2576 cepto,
351 2485 457 2572 idest,
495 2507 565 2556 non
597 2485 633 2554 in
657 2485 782 2577 quibus
805 2485 844 2554 iit
866 2484 1037 2570 officium,
1063 2485 1122 2554 sed
1144 2484 1181 2554 in
1204 2485 1328 2576 quibus
1350 2494 1537 2576 utrumque
1620 2515 1623 2522 ·

195 2599 419 2685 praeceptum
451 2601 612 2664 servatur
638 2614 658 2663 a
681 2593 806 2683 populo
823 2594 890 2682 (t):
916 2591 1012 2662 etin
1037 2592 1140 2662 Missa
1164 2611 1224 2662 eos
1248 2592 1398 2662 conferri
1422 2593 1533 2662 decet.

192 2701 476 2786 SubdiaconatuS,
501 2701 704 2770 diaconatus
727 2705 763 2768 et
786 2699 1044 2788 presbyteratus
1067 2698 1218 2768 sabbatis
1234 2705 1382 2790 quatuor
1398 2703 1530 2788 tempo-

194 2829 286 2895 rum,
312 2815 454 2879 etanta
478 2807 670 2878 dominicas
696 2805 866 2876 Passionis
890 2810 926 2873 et
951 2803 1125 2875 Paschatis
1143 2807 1203 2893 (b),
1228 2811 1264 2874 et
1288 2806 1377 2874 inira
1395 2805 1535 2876 Missam

195 3085 279 3142 mat:
296 3087 328 3141 et
343 3083 456 3141 merIto
469 3081 607 3140 dubitari
621 3081 721 3150 debet,
739 3085 842 3140 utrum
948 3077 994 3159 (1)
1017 3079 1049 3138 S.
1062 3081 1102 3140 R.
1115 3080 1162 3150 6.,
1178 3079 1219 3140 23
1233 3079 1310 3138 Maii
1327 3078 1421 3152 18363
1437 3081 1535 3156 Gury,

194 3163 233 3221 ad
254 3163 334 3220 hunc
355 3163 500 3220 bonorem
524 3165 652 3220 vocatus
667 3159 726 3218 sit:
744 3165 777 3220 et
791 3177 840 3231 ne,
889 3158 931 3230 II,
955 3161 973 3234 ἓ
993 3158 1065 3219 712.

195 3241 367 3301 sacerdotio
389 3247 540 3317 suscepto,
564 3240 595 3298 in
617 3241 746 3316 gravius
761 3239 842 3316 peri·
948 3235 994 3320 (2)
1015 3241 1049 3300 0.
1072 3239 1102 3313 3,
1118 3239 1165 3299 De
1182 3241 1291 3314 Temp.
1311 3239 1426 3298 Oratio.
1444 3239 1535 3299 Nihi-

193 3322 296 3381 culum
318 3321 514 3392 coniiciatur.
890 3318 1025 3379 lominus
1059 3337 1098 3378 ex
1129 3320 1212 3378 iusta
1245 3336 1337 3378 causa
1368 3320 1539 3378 Ordinator

256 3399 321 3480 (20)
342 3401 444 3468 Trio„
476 3397 595 3470 XXIII,
618 3400 705 3474 Res..
727 3400 786 3460 00.
811 3401 840 3470 4,
889 3399 1088 3475 permittitur
1109 3404 1228 3476 partem
1251 3398 1456 3458 ordinationis
1477 3396 1537 3458 dif-

198 3480 386 3554 11,·13,1t;
412 3479 524 3554 sulm..
546 3480 577 3550 8,
600 3477 631 3550 5,
654 3481 703 3538 44.
721 3479 780 3538 Sed
801 3479 839 3538 V.
890 3479 975 3538 forre
997 3479 1027 3538 iu
1048 3479 1234 3538 dominicam
1256 3481 1444 3553 sequentem,
1469 3496 1538 3537 coa·

196 3561 229 3621 S.
241 3559 430 3638 ntpn.,790,
447 3563 508 3620 etc.
532 3559 684 3626 Quocirca
706 3559 733 3617 si
755 3559 844 3618 missi
889 3557 1012 3618 tinuato
1042 3561 1080 3618 ab
1110 3560 1192 3635 ipso,
1221 3562 1254 3617 ct
1285 3561 1322 3615 ab
1351 3557 1538 3618 Ordinandis

197 3639 315 3700 fuerint
335 3640 496 3699 ordinandi
513 3640 616 3698 alieno
629 3637 788 3716 Episcopo,
802 3639 843 3698 ei·
890 3639 1011 3698 sabbati
1042 3638 1156 3698 ieiunio
1191 3636 1265 3717 (00.
1289 3637 1344 3708 13,
1370 3637 1417 3706 15,
1440 3635 1539 3714 Eod.)

195 3720 318 3795 quidem
346 3723 384 3778 ab
415 3719 479 3780 alio
501 3719 665 3795 Episcopo,
689 3719 844 3777 Ordinane
890 3717 1104 3778 eeclesiastico
1132 3717 1179 3796 (S.
1213 3718 1321 3794 Alph,
1354 3717 1408 3789 VI,
1440 3715 1535 3794 796);

191 3808 314 3878 potest;
335 3800 363 3858 si
384 3817 403 3856 a
424 3799 573 3858 Praelato
594 3798 765 3874 Regulari,
790 3799 843 3858 de·
890 3798 958 3856 ideo
979 3798 1057 3858 licet
1077 3799 1233 3874 utrisque,
1263 3797 1376 3856 omisso
1397 3797 1537 3873 prandio,

197 3881 248 3939 bet
260 3898 311 3939 eos
326 3879 440 3939 iterum
455 3879 636 3938 examinare
649 3879 738 3959 (Bon.
756 3877 841 3950 XIV,
890 3877 1081 3969 ientaculum
1103 3895 1222 3940 sumere
1235 3876 1356 3956 (Reid,
1369 3876 1397 3946 1,
1410 3875 1458 3968 li,
1468 3874 1533 3968 sb).

199 3957 220 4020 ι’
244 3960 321 4118 ib)
342 4038 443 4112 unu,
460 4037 843 4108 inproperantes
890 4037 936 4096 ers
952 3957 1538 4126 ῗῖὲᾎῖζῖῗῖἓπῗῗςοῐιὶῑόᾗῑῗῖἑζὲιῐῖῗῖἳ

194 4125 320 4198 oportet
341 4119 540 4178 confirmatos
562 4119 658 4179 fuisse
672 4117 841 4197 (Trident,
890 4121 1017 4192 possunt
1047 4119 1169 4176 ordines
1190 4118 1273 4176 sacri
1294 4117 1454 4191 quibusvis
1474 4116 1537 4175 dte·

196 4198 315 4269 XXIII,
340 4199 425 4273 Res„
446 4197 492 4278 4),
525 4201 558 4258 et
588 4197 726 4258 ordinem
757 4197 844 4274 prius
890 4199 946 4256 bus
967 4196 1058 4256 sestis
1082 4199 1119 4256 de
1148 4202 1323 4273 praecepto.
1359 4198 1472 4256 Utrum
1506 4201 1539 4256 et

194 4283 372 4356 susceptum
394 4279 572 4338 exercuisse
586 4277 700 4356 (uria,
713 4277 840 4345 ib.,(tO.
891 4276 964 4336 aliis
985 4277 1203 4351 Regularibus,
1227 4277 1417 4352 disputatur:
1434 4276 1539 4350 Itaque
1567 4343 1568 4348 .

198 4360 247 4433 ll,
258 4357 326 4438 13);
340 4360 391 4417 sed
404 4363 566 4433 utrumque
582 4360 636 4417 sub
651 4358 716 4418 levi
731 4357 778 4438 (S.
789 4357 843 4418 Al·
891 4373 941 4415 ras
970 4357 1105 4416 arbitrio
1135 4355 1279 4433 Episcopi
1300 4357 1451 4432 permissa
1472 4361 1536 4427 est3

197 4441 304 4518 phou„
327 4439 399 4508 786,
423 4437 504 4515 801).
891 4435 1539 4508 et,eonolenteordinare,nonlicetalium

255 4519 321 4599 (22)
341 4519 375 4580 G.
390 4519 519 4590 ult.‚De
531 4519 678 4597 Tempor.
689 4516 841 4578 Ordioot.
891 4516 1073 4592 Episcopum
1088 4515 1389 4656 adimpiclffl'Vffl'
1399 4513 1537 4574 leart.

197 4599 229 4658 in
249 4597 293 4660 6⁰.
893 4595 989 4670 15693
1013 4596 1052 4656 V.
1077 4597 1152 4657 Ben.
1206 4595 1261 4667 IV,
1285 4596 1359 4658 Not.
1382 4593 1446 4674 23).
