3530 5124
457 261 561 308 curor
585 263 632 308 ιιι.
660 263 698 307 ne
723 259 919 308 uarnruouro
943 261 1001 305 rau
1026 258 1211 306 cosrnacro
1436 237 1501 306 395

158 361 367 432 auctoritate
382 368 420 432 R.
442 367 476 431 Ρ.
491 364 575 451 (10),
600 361 713 454 quoad
738 361 879 445 iterum,
906 367 983 450 post
1005 365 1206 450 susceptum
1230 360 1401 450 baptisma
1427 380 1502 430 sese

158 469 390 557 cognoverint
408 471 490 557 (11).
518 472 695 560 Baptizato
718 471 886 540 alterutro
910 475 1063 553 tantum,
1089 468 1126 537 in
1143 473 1315 558 potestate
1332 467 1435 537 huius
1451 473 1504 538 est

159 573 253 644 aliud
276 575 541 647 matrimonium
566 576 668 663 inire,
694 597 739 644 ex
762 573 928 664 singulari
953 573 1075 644 divino
1092 574 1285 665 privilegio,
1303 576 1395 667 quod
1409 597 1499 664 pan·

160 683 294 768 linum,
319 685 363 753 ab
388 686 548 774 Apostolo
571 685 630 776 qui
655 685 738 755 illud
761 683 1014 774 promulgavit,
1040 683 1227 774 appellant,
1253 684 1295 754 de
1319 702 1387 776 quo
1411 703 1503 755 seor-

161 807 252 858 sum.

219 895 296 964 171.
324 901 376 966 Ex
407 896 461 966 his
493 903 611 967 autem
648 896 872 968 manifestum
905 903 977 982 est,
1004 895 1227 966 matrimonia
1253 895 1367 966 valida
1391 913 1505 986 neque

161 1002 316 1074 fidelium
340 1025 453 1095 neque
477 1003 668 1074 infidelium
692 1003 882 1074 divortium
899 1003 982 1093 pati.
1002 1009 1131 1072 Verum
1148 1002 1338 1073 divortium
1356 1001 1502 1086 Nostris

160 1113 328 1184 latissima
351 1113 617 1204 significatione,
643 1113 769 1203 triplex
793 1119 857 1199 est,
882 1113 996 1204 quoad
1023 1112 1217 1198 vinculum,
1244 1112 1357 1204 quoad
1373 1111 1505 1182 habita-

159 1217 307 1306 tionem,
332 1221 445 1312 quoad
469 1227 598 1290 torum.
632 1219 752 1303 Quoad
774 1219 956 1290 vinculum
980 1218 1172 1288 divortium
1197 1217 1402 1308 intelligitur
1424 1237 1504 1286 cum

161 1325 425 1396 matrimonium
448 1327 498 1396 ita
522 1325 699 1396 dirimitur
721 1333 761 1395 ut
784 1327 840 1395 vir
862 1326 966 1396 allam
991 1327 1131 1412 ducere,
1158 1325 1284 1396 mulier
1299 1325 1357 1394 alii
1374 1324 1505 1393 nubere

161 1432 279 1522 possit.
317 1434 437 1518 Quoad
460 1433 726 1518 habitationem,
752 1433 882 1502 coniux
906 1433 1081 1503 divertere
1105 1439 1220 1524 potest
1241 1435 1351 1503 altero
1376 1431 1504 1502 nedum

162 1539 425 1625 consentiente,
450 1540 541 1632 quod
565 1540 707 1629 planum
731 1544 786 1615 ost
804 1541 893 1627 (11),
920 1540 980 1609 sed
1004 1546 1040 1608 et
1062 1539 1199 1610 invito:
1226 1546 1262 1608 et
1286 1543 1351 1610 hoo
1376 1560 1420 1608 ex
1444 1539 1505 1606 tri-

164 1643 242 1730 plici
278 1645 410 1734 capite:
451 1648 514 1732 l⁰.,
541 1647 585 1717 ob
608 1646 836 1731 adulterium,
872 1667 998 1736 nempe
1023 1652 1163 1736 propter
1185 1645 1503 1732 lidemviolatam3

224 2032 291 2114 (20)
312 2035 443 2109 Gregor.
467 2033 556 2104 XIII,
572 2035 652 2094 Litt.
667 2035 805 2110 Popntis
856 2037 991 2095 hebraea
1012 2037 1049 2094 ad
1073 2035 1164 2094 fidem
1186 2055 1217 2095 se
1241 2039 1450 2098 convertisset
1465 2055 1505 2096 ex

164 2113 392 2178 seuQnoniam
403 2113 696 2190 saepe,251anuar.
715 2115 805 2176 1585.
858 2134 916 2191 quo
929 2115 980 2174 vir
991 2115 1057 2174 eius
1070 2117 1228 2175 Abraham
1240 2117 1341 2176 adhue
1355 2119 1506 2176 hebraeus
1626 2189 1628 2193 ¹
1704 2105 1709 2116 ’
1754 2171 1757 2180 .

164 2194 224 2259 Qui
255 2193 508 2256 animadvertens
539 2195 617 2254 haec
638 2197 807 2256 connubia
857 2197 953 2255 aliam
983 2195 1184 2276 (Blancham)
1206 2197 1372 2256 hebraeam
1402 2198 1503 2268 duxit,

166 2293 244 2334 cera
266 2275 411 2351 quidem,
428 2290 496 2332 non
513 2281 624 2334 tamen
641 2277 808 2336 adeorata
860 2280 990 2350 utroque
1033 2279 1139 2350 postea
1169 2276 1206 2334 ad
1235 2276 1327 2334 fidem
1357 2294 1505 2336 converso

165 2359 313 2424 censeri,
345 2364 394 2421 nt,
420 2357 617 2415 necessitate
637 2359 810 2426 suadente,
859 2360 892 2415 et
912 2355 1103 2414 instantibus
1124 2371 1178 2431 pro
1199 2355 1427 2416 ratihabitione
1442 2375 1506 2415 ma·

164 2435 301 2494 dissolvi
321 2454 390 2494 non
406 2435 701 2511 possintbarbaris
721 2439 759 2497 ad
774 2437 808 2496 fi·
859 2429 1012 2504 trimbnii,
1036 2435 1151 2494 Esther
1173 2435 1204 2492 in
1219 2439 1304 2494 statu
1319 2437 1430 2495 coelibi
1442 2453 1506 2494 mn·

164 2515 234 2574 dem
261 2511 421 2575 conversis
448 2515 499 2589 qui
532 2521 604 2575 ante
632 2522 807 2594 susceptum
861 2519 964 2587 neate,
979 2516 1111 2592 ipsemet
1126 2513 1312 2575 Benedictus
1327 2515 1399 2574 XIV
1415 2517 1503 2576 Sacr.

113 2593 122 2606 “
163 2595 320 2671 baptisma
330 2594 807 2669 matrimoniumcontraxerant,
860 2593 1107 2670 Congregationi
1129 2599 1239 2654 auctor
1260 2593 1321 2656 fuit
1342 2599 1378 2655 ut
1392 2597 1506 2654 scribe-

165 2675 313 2748 iudulsit,
338 2679 388 2746 ut,
414 2673 555 2751 coniugis
578 2675 714 2737 infidelis
735 2695 809 2737 eon·
861 2683 948 2735 retur
980 2673 1224 2750 Archiepisoopo
1255 2675 1435 2746 florentiae,
1466 2693 1505 2734 an
1614 2733 1617 2738 .

166 2771 268 2812 sensa
280 2757 421 2814 minime
432 2757 668 2831 repastinata
677 2776 810 2833 respon·
862 2756 978 2816 Esther
988 2759 1072 2814 esset
1079 2757 1116 2812 in
1127 2761 1215 2813 stata
1228 2758 1339 2813 airum
1351 2757 1507 2824 dircendi,

167 2850 200 2892 so
236 2852 305 2892 non
337 2843 525 2912 eapectato,
554 2841 810 2898 matrimonium
864 2845 924 2896 ant
944 2837 1118 2896 emittendi
1124 2837 1364 2910 professionem
1376 2835 1507 2907 relipio·

167 2930 244 2972 enm
277 2919 390 2991 quovis
411 2915 506 2992 fideli
526 2919 721 2978 contrahere
737 2939 812 2998 pos·
862 2916 957 2976 sam?
977 2917 1061 2992 Ergo
1083 2914 1315 2974 matrimonium
1337 2915 1506 2975 infidelium

52 3068 55 3078 Δ
119 3001 134 3016 “
166 3001 251 3064 sent,
272 3002 304 3052 et
319 2993 407 3055 licite
423 2997 460 3052 in
473 3013 813 3074 eoremanere,quam·
863 3003 1122 3065 consummatum,
1146 2995 1241 3052 etiam
1263 2999 1390 3071 praeter
1411 2997 1508 3072 privi-

167 3075 217 3134 vis
240 3079 347 3150 postea
368 3075 549 3151 apparuerIt
570 3078 690 3152 priores
711 3082 813 3140 conlu-
864 3076 981 3153 legium
1004 3074 1175 3152 paulinum,
1199 3074 1330 3134 dissolvi
1351 3077 1464 3152 potest.

167 3171 221 3231 ges
257 3162 402 3230 tempore
434 3156 576 3214 secandi
603 3161 814 3220 matrimonii
923 3156 990 3236 (22)
1012 3156 1046 3216 0.
1058 3155 1088 3225 2,
1111 3153 1158 3213 De
1175 3153 1273 3213 Cone.
1290 3155 1429 3231 Coniup.
1447 3155 1506 3216 Sed

168 3245 340 3294 conversos
362 3237 478 3310 fnisse.
864 3240 892 3300 si
913 3237 994 3296 velit
1007 3235 1089 3294 iuire
1104 3233 1300 3310 religionem,
1318 3235 1370 3295 vel
1384 3237 1507 3295 ordines

226 3313 293 3392 (21)
314 3317 346 3375 S.
371 3315 519 3389 Alphea,
544 3316 602 3386 VI,
625 3319 696 3380 956.
728 3322 811 3388 Quod
864 3335 981 3386 sacros,
1014 3315 1098 3375 alter
1119 3331 1243 3373 necesse
1264 3315 1359 3374 habet
1378 3315 1507 3390 religio-

166 3393 257 3454 Pont.
273 3399 305 3454 et
316 3397 389 3455 Ben.
403 3395 477 3455 XIV
491 3395 542 3469 (li.
554 3396 615 3476 cc.)
629 3417 688 3458 non
701 3401 814 3460 medlo·
866 3415 934 3458 nem
957 3398 1078 3456 intrare
1099 3395 1173 3474 (00.
1198 3395 1228 3464 d,
1250 3393 1282 3463 6,
1304 3392 1421 3472 End.):
1445 3393 1507 3452 nisi

166 3473 265 3534 oriter
279 3475 474 3553 impugnant:
492 3476 580 3536 aiunt
594 3479 688 3548 enim,
705 3483 814 3540 matri·
866 3479 948 3537 forte
969 3482 1001 3535 et
1022 3475 1172 3546 senuerit,
1195 3481 1227 3531 et·
1248 3473 1365 3533 nullam
1381 3491 1508 3550 prorsus

166 3553 302 3613 monium
323 3564 565 3614 consummatum
586 3574 625 3616 ex
639 3576 693 3616 sua
706 3561 814 3620 divina
864 3555 1107 3617 incontinentiae
1128 3554 1332 3628 suspicionem
1360 3556 1508 3631 praebeat

169 3633 368 3693 institutione
384 3651 508 3712 prorsus
524 3635 738 3698 indissolubile
749 3659 815 3700 esse
864 3637 957 3718 (quod
979 3635 1122 3712 Episcopi
1144 3633 1290 3693 iudicium
1313 3651 1379 3693 esse
1401 3633 1507 3692 verius

167 3713 246 3792 (not.
264 3713 316 3790 18)
329 3733 389 3773 uno
398 3718 563 3775 dumtaxat
578 3733 650 3774 casu
665 3727 812 3795 except03
865 3724 933 3788 est;
957 3717 1000 3775 De
1022 3715 1129 3786 Iustis,
1145 3715 1170 3783 I,
1189 3709 1237 3782 14,
1253 3709 1324 3790 70);
1341 3713 1413 3772 huio
1424 3711 1506 3772 enim

170 3811 278 3870 nempe
300 3793 465 3872 privilegii
487 3794 617 3871 paulini.
641 3797 815 3858 Ratiobre·
865 3797 977 3857 sufficit
1007 3795 1081 3868 (nisi
1114 3794 1198 3853 alter
1228 3793 1265 3851 ad
1286 3791 1506 3869 Episcopatum

168 3873 218 3932 vis
239 3879 271 3934 et
293 3892 424 3958 urgens:
448 3877 499 3933 sed
515 3877 608 3950 Greg.
626 3879 701 3938 XIII
718 3881 814 3936 verbe
866 3869 1100 3954 promoveatur)
1115 3874 1205 3932 edere
1219 3880 1398 3948 perpetuum
1415 3873 1509 3933 casti·

169 3953 382 4014 disertissima
412 3961 493 4014 suut.
527 3957 604 4022 Quid
635 3959 712 4033 quod
736 3957 814 4034 ipse·
865 3959 945 4017 tatis
982 3959 1089 4017 votum
1125 3952 1199 4032 (CO.
1225 3951 1261 4021 1,
1284 3955 1319 4024 5,
1343 3954 1380 4022 6,
1403 3949 1508 4023 Eod.,·

165 4039 231 4092 met
261 4035 374 4093 Bened.
399 4035 473 4094 xlv
509 4035 540 4092 in
562 4053 617 4095 sua
638 4039 743 4098 Const.
769 4039 813 4096 In
866 4036 994 4106 Samen,
1020 4034 1088 4104 VII,
1104 4035 1156 4104 39,
1171 4031 1214 4112 6).
1233 4035 1298 4093 Hoc
1313 4037 1418 4092 votum
1433 4033 1507 4094 sim·

168 4113 815 4270 111111.111111111ιο
864 4113 1507 4271 ttttttitttttttttttata·

169 4273 267 4334 netiis
284 4280 525 4334 commorantem
542 4275 627 4335 circa
640 4276 816 4336 huiusmodi
864 4282 927 4335 tem
949 4275 1024 4334 aliis
1045 4275 1163 4349 nuptiis
1178 4273 1396 4332 contrahendis
1410 4289 1507 4334 ruun-

168 4353 371 4414 matrimonis
392 4356 497 4414 eadem
519 4357 632 4417 statuit
646 4375 724 4433 quae
738 4360 813 4416 Gre-
865 4371 967 4414 smum
989 4353 1068 4412 facit
1088 4351 1354 4433 (o.1o,bist.28;
1378 4353 1505 4424 Sanch.,

170 4433 278 4509 gorius
299 4434 393 4505 XIII,
416 4441 448 4496 et
469 4435 578 4493 iisdem
601 4436 667 4494 sere
688 4437 814 4497 verbist
863 4435 935 4508 vll,
958 4435 1008 4506 10,
1030 4433 1081 4512 2);
1105 4433 1151 4493 sin
1164 4435 1344 4510 professas,
1358 4451 1416 4491 non
1431 4433 1507 4492 item

167 4514 247 4580 Quid
279 4516 357 4592 quod
391 4515 422 4574 in
452 4514 568 4574 celebri
599 4515 812 4588 Florentino,
863 4514 1005 4596 (Sanch,
1029 4514 1100 4588 VII,
1124 4513 1175 4586 32,
1198 4514 1232 4588 83
1257 4513 1426 4584 Schmin,
1449 4511 1504 4588 IV,

165 4593 207 4655 29
228 4597 324 4655 Mart.
340 4595 429 4668 1727,
448 4613 517 4654 oum
532 4598 681 4670 quaedam
698 4599 812 4658 Esther
862 4597 892 4670 6,
915 4593 978 4674 ot).
