3540 5130
493 243 654 289 arrasum
677 243 712 290 ιι.
739 242 862 292 areum
886 245 926 290 ne
949 245 1119 292 sarnanum
1434 224 1478 294 53

135 341 172 414 in
196 344 404 435 suspensivo
426 343 611 415 dumtaxat
636 346 717 434 (28).
734 351 838 417 Porro
861 346 1013 416 instituti
1036 347 1072 418 in
1096 348 1264 420 benetieio
1287 345 1487 440 parochiali

22 487 24 512 ι
132 449 219 522 illud
242 451 413 522 amittunt
435 451 507 542 ipso
531 453 618 539 iure,
644 453 672 522 si
696 452 787 523 inire
811 475 944 524 annum
968 456 1246 545 presbyteratum
1270 478 1341 528 non
1363 477 1477 530 susce-

135 558 265 650 perint,
292 555 358 628 ntsi
382 579 450 650 que
474 557 564 629 iusta
583 579 692 629 ,causa
716 565 930 630 excusentur
956 563 1038 650 (29).

666 825 880 894 arrarum·
904 829 945 894 ιι.
1022 803 1023 806 ‘

566 1005 693 1076 =irtacum
717 1007 758 1052 ns
781 1007 952 1054 rnrnuuaur
979 987 1038 1074 (1).

193 1141 250 1211 18.
277 1149 453 1212 Hactenus
476 1143 517 1212 de
541 1143 594 1212 his
617 1165 706 1236 quae
729 1149 812 1213 sunt
835 1143 1042 1232 necessaria,
1068 1151 1107 1214 ut
1130 1145 1267 1216 collatio
1301 1145 1474 1234 beneficii,

135 1247 192 1316 vel
215 1247 390 1318 institutio
413 1253 488 1318 rata
512 1248 576 1336 sit;
601 1249 661 1319 sed
683 1249 711 1318 si
735 1249 833 1320 irrita
857 1249 974 1336 luerit,
993 1258 1070 1342 post
1091 1251 1285 1322 triennium
1313 1253 1349 1320 vi
1373 1251 1476 1322 liuius

134 1352 274 1440 regulae
304 1353 557 1444 quodammodo
590 1363 665 1426 rata
695 1355 746 1442 fit,
776 1355 824 1426 ita
848 1378 986 1448 nempe,
1012 1363 1052 1427 ut
1074 1358 1237 1449 deinceps
1269 1357 1385 1430 nullus
1407 1356 1476 1450 pri·

20 1537 21 1540 Ἴ
136 1464 240 1528 vetus
270 1457 470 1528 institutum
500 1460 537 1529 in
568 1459 734 1532 beneficio
767 1461 961 1554 inquietare
984 1464 1198 1552 (molestare)
1223 1463 1371 1555 amplius
1401 1483 1476 1555 pos-
1565 1487 1568 1496 ¹

133 1561 191 1632 sit.
221 1569 279 1633 Est
302 1567 396 1634 enim
419 1567 589 1656 quaedam
613 1566 710 1658 quasi
742 1567 965 1660 praescriptio
988 1571 1155 1641 adversus
1186 1571 1340 1662 privatos
1364 1570 1477 1640 intro·

132 1669 239 1738 ducta
274 1669 317 1739 ad
347 1671 603 1760 praecavendas
630 1671 708 1742 lites
735 1673 843 1744 cultui
879 1674 1012 1761 divino,
1044 1681 1081 1746 et
1110 1675 1277 1746 ecclesiae
1304 1675 1475 1766 pernicio·

132 1779 369 1957 sas111².)11aec
392 1887 616 1978 praescriptio
631 1887 757 1957 nititur
778 1887 880 1959 titulo
903 1891 1068 1976 colorato,
1086 1896 1122 1960 et
1140 1889 1353 1980 possessione
1368 1888 1477 1958 trien·

133 1995 218 2064 nali.
237 1994 369 2064 Titulus
384 1996 557 2066 coloratus
581 2000 633 2085 (V.
654 1990 757 2083 Prot,
776 2005 795 2078 s
812 1997 868 2084 79,
887 1989 926 2066 n.'
942 1999 997 2084 72)
1016 2003 1070 2068 est
1092 1998 1230 2068 collatio
1246 1998 1338 2067 lacta
1353 1995 1398 2066 ab
1420 2015 1474 2080 eo,

131 2121 240 2192 penes
269 2123 375 2195 quem
409 2102 536 2172 residet
559 2101 733 2173 ordinaria
768 2104 1059 2176 conterendorum
1091 2104 1342 2176 beneficiorum
1378 2108 1474 2194 pote·

17 2305 18 2310 Ἰ
130 2215 202 2279 stas
228 2210 294 2298 (31²
320 2209 397 2280 ideo
420 2231 490 2280 non
514 2211 653 2300 prodest
675 2210 707 2280 ei
723 2212 782 2302 qui
799 2212 855 2280 vel
878 2210 1013 2282 nullum
1029 2212 1169 2282 titulum
1193 2213 1310 2298 habet,
1327 2213 1385 2282 vel
1408 2212 1475 2282 dis·

17 2323 18 2336 ¹
129 2318 325 2387 coloratum
344 2318 410 2406 (l),
436 2319 492 2388 vel
516 2339 597 2388 eum
620 2319 679 2409 qui
703 2323 821 2407 postea
845 2318 968 2388 recidit
991 2317 1027 2388 in
1052 2341 1123 2390 non
1153 2318 1294 2389 titulum
1312 2319 1373 2408 (6).
1397 2325 1475 2388 Pos-

188 2591 256 2672 (23)
276 2594 351 2652 Ben.
379 2593 465 2663 XIV,
495 2595 550 2652 cit.
578 2591 684 2669 Epist.
715 2593 774 2653 Sed
829 2591 920 2660 iuris,
944 2609 1008 2662 seu,
1027 2597 1062 2653 ut
1083 2597 1168 2670 puto,
1191 2610 1231 2652 ex
1253 2554 1401 2661 statutis,
1421 2591 1474 2652 rel

132 2671 303 2750 appellatio
318 2672 537 2752 interponenda
558 2678 606 2734 est
620 2676 705 2734 intra
725 2675 775 2732 de·
828 2673 1046 2732 consuetudins
1065 2671 1127 2752 (Ex
1148 2672 1183 2732 G.
1207 2673 1238 2742 7,
1261 2673 1308 2732 Dc
1328 2668 1474 2748 Proca).

16 3933 18 3942 ,
129 3869 260 3930 lacensi.

130 2769 196 2811 cem
211 2752 279 2812 dies
293 2771 313 2812 a
326 2753 376 2812 die
392 2752 569 2813 collationis
581 2753 670 2833 (Ben.
687 2754 773 2824 XIV,

131 2832 167 2892 G.
194 2832 278 2892 Cum
301 2835 399 2904 illud,
420 2833 438 2906 5
459 2831 501 2912 6).

188 2910 256 2992 (29)
277 2913 338 2973 OG.
357 2913 405 2984 14,
421 2912 471 2976 35.
487 2913 534 2972 De
555 2913 657 2974 Eleos.
675 2914 707 2972 in
728 2913 771 2974 6⁰.

130 2993 174 3052 Ut
187 2997 266 3069 puta
286 2993 475 3063 valetudine,
492 2994 543 3052 vel
564 2995 592 3054 si
606 2993 775 3071 Episcopus

126 3073 358 3133 ordinationem
389 3073 567 3145 distulerit;
589 3079 622 3134 et
649 3074 775 3134 differre

129 3155 235 3227 potest
249 3153 421 3212 studiorum
436 3171 528 3213 causa
540 3153 589 3233 (O.
606 3154 655 3226 34,
665 3153 772 3234 Eud).

129 3231 197 3292 Neo
217 3234 305 3292 obest
326 3234 428 3300 Trio..
450 3233 552 3302 XXII,
575 3235 629 3304 R.,
649 3237 679 3304 4,
703 3235 776 3310 quia

128 3313 294 3388 derogatio
313 3313 391 3372 iuris
407 3313 528 3389 antiqui
544 3319 666 3374 nonest
681 3314 775 3373 facile

129 3393 355 3468 praesumenda
367 3393 533 3472 (Navarr.;
550 3395 651 3463 Less,
668 3395 709 3464 II,
723 3393 773 3465 34,

132 3469 217 3551 tun:
234 3471 294 3531 nisi
315 3471 398 3534 sorte
418 3474 566 3550 parochia
581 3475 775 3534 canonicatui

129 3551 173 3610 sit
194 3553 326 3621 adnexa,
349 3554 423 3628 quia
444 3554 649 3613 accessorium
677 3555 775 3629 sequi·

130 3635 183 3689 tur
204 3631 378 3709 prinpraIe
411 3635 430 3709 ἓ
450 3631 501 3702 21,
525 3652 554 3694 ιι.
580 3631 643 3712 13).

189 3707 236 3788 (1)
248 3711 328 3784 Rep.
345 3713 383 3772 36
411 3714 487 3772 olim
503 3711 556 3792 33)
571 3713 673 3773 Coae.
690 3713 774 3789 Apo·

129 3791 264 3850 stotr'eoe
285 3793 465 3870 deprompta
485 3811 524 3852 ex
546 3793 667 3854 Concill
689 3795 775 3854 Basi-

188 3949 236 4031 (2)
255 3952 304 4012 Ex
318 3953 354 4012 (I.
372 3954 400 4022 1,
423 3953 470 4013 De
491 3955 705 4030 Praescript.;
720 3955 775 4013 Ri-

16 4021 19 4080 3
130 4037 232 4108 sana,
257 4049 308 4091 nn.
332 4035 362 4102 4,
387 4031 434 4094 12.
458 4035 499 4093 Et
529 4034 639 4095 Nostri
667 4036 776 4093 decen·

130 4111 196 4170 nali
209 4111 326 4192 (Lesa,
342 4113 384 4184 II,
407 4115 439 4184 6,
456 4113 512 4186 35,
529 4112 632 4184 Moli,
649 4113 696 4173 De
718 4115 774 4172 lu-

129 4193 195 4250 stit.
212 4200 245 4252 et
263 4190 355 4262 Iure,
369 4195 424 4254 Το.
442 4193 483 4262 ΙΙ,
500 4195 587 4272 Disp.
603 4195 659 4267 703
675 4193 773 4270 Lugo,

129 4271 176 4330 De
190 4269 275 4332 Iost.
294 4281 325 4333 et
337 4271 428 4344 Iure,
437 4273 510 4365 uu,
528 4272 599 4354 104)
612 4291 680 4334 eam
694 4291 775 4334 com·

16 4395 17 4398 η
129 4358 254 4428 parant.

188 4431 236 4514 (3)
256 4433 319 4494 uit.
336 4435 415 4510 Ray.
433 4433 482 4494 36.
501 4435 560 4494 Seu
582 4453 621 4495 ax
637 4437 703 4496 iure
718 4434 773 4505 sit,

17 4503 18 4506 ’
131 4512 219 4573 velut
240 4514 411 4592 Episcopis,
435 4515 591 4576 canonista
613 4515 775 4576 cathedra·

16 4655 18 4664 ,
129 4591 188 4667 lis3
204 4611 257 4654 seu
279 4611 319 4653 ex
339 4593 447 4672 privil.
466 4595 570 4656 clauso
590 4595 622 4655 in
648 4609 775 4672 corpore

887 2749 934 2831 (4)
953 2753 1001 2812 Ex
1024 2753 1079 2812 cit.
1101 2755 1182 2827 Rep.
1205 2752 1257 2813 36.
1280 2752 1340 2812 Vel
1371 2752 1472 2811 disco·

831 2831 985 2902 lor-otum,
1015 2833 1096 2892 idest
1124 2834 1163 2890 ab
1193 2851 1240 2904 ec,
1262 2850 1354 2910 penes
1383 2847 1474 2906 quem

828 2912 917 2972 nulla
937 2913 1053 2972 residet
1066 2916 1206 2988 potestas
1227 2911 1405 2973 conferendi
1419 2911 1474 2970 hu·

828 2992 959 3052 iusmodi
991 2991 1156 3052 beneficia:
1181 2993 1270 3053 velut
1299 3010 1318 3051 a
1345 2989 1475 3050 Vicario

828 3072 997 3149 capitulari
1026 3071 1165 3151 (Gomon,
1187 3091 1218 3148 q.
1241 3073 1298 3143 373
1328 3071 1472 3147 RIganti,

828 3171 858 3211 n.
890 3150 970 3230 121),
1000 3170 1019 3210 a
1049 3151 1167 3212 Nuntio
1198 3150 1379 3230 Apostolico
1409 3148 1474 3287 (ΒΘ

828 3233 924 3301 Luca,
959 3233 1005 3292 De
1025 3233 1183 3309 Beoefie„
1212 3234 1297 3293 DIse.
1330 3230 1384 3302 26,
1435 3227 1473 3297 33

829 3313 965 3383 hutten,
989 3311 1031 3382 11,
1047 3313 1098 3382 46,
1120 3311 1185 3390 62),
1198 3317 1252 3374 aut
1272 3332 1291 3372 a
1313 3308 1475 3372 Gardinali

829 3393 862 3451 S.
876 3393 913 3451 R.
927 3393 963 3453 Ε.
975 3391 1132 3472 (Riganti,
1145 3410 1175 3454 n.
1191 3392 1260 3472 119)
1277 3399 1371 3454 extra
1387 3405 1474 3448 sunm

828 3472 979 3532 Titulum.

887 3550 933 3632 (5)
943 3555 1067 3623 Gomon,
1078 3570 1108 3628 q.
1121 3553 1170 3624 18,
1182 3555 1213 3626 6;
1224 3553 1370 3620 Tondut.,
1381 3550 1407 3618 I,
1419 3547 1471 3620 85,

828 3631 878 3692 39.
896 3633 990 3700 Idest,
1007 3638 1113 3710 postea
1128 3635 1196 3693 iure
1216 3635 1413 3708 ademptum
1436 3631 1472 3688 ut

828 3719 903 3788 puta
924 3713 951 3771 si
972 3713 1113 3772 beneficii
1127 3713 1392 3772 renunciationem
1410 3726 1469 3767 non

828 3793 1049 3868 publicaverit,
1066 3800 1098 3852 et
1115 3793 1341 3852 nihilominus
1357 3794 1395 3848 io
1410 3806 1475 3847 sua

826 3875 1029 3948 possessione
1046 3871 1367 3951 remanseritffireg.
1385 3869 1474 3938 XIII,

829 3953 863 4013 O.
888 3955 1048 4012 Humano
1080 3957 1139 4012 otoo
1172 3955 1306 4020 iudicio,
1328 3951 1347 4026 ἓ
1373 3945 1421 4027 5):
1446 3948 1474 4007 si

828 4035 905 4108 quod
936 4039 1107 4092 vacaverat
1139 4033 1332 4103 beneficium,
1355 4031 1408 4088 vel
1435 4029 1472 4086 ob

829 4113 913 4172 aliud
936 4111 1170 4190 incompatibile
1197 4115 1341 4188 adeptum
1362 4112 1410 4190 (S.
1435 4105 1470 4168 O.

829 4194 878 4264 0.,
903 4194 939 4252 14
960 4195 1041 4269 Aug.
1066 4191 1168 4272 1632),
1191 4193 1243 4252 vel
1268 4195 1306 4250 ob
1336 4208 1396 4250 non
1426 4205 1476 4248 su-

829 4277 966 4350 sceptum
997 4272 1135 4332 ordinem
1166 4291 1219 4333 suo
1239 4275 1391 4348 tempore,
1415 4286 1484 4328 non

828 4354 949 4414 dimisit
975 4351 1131 4434 (Riganti,
1155 4371 1207 4412 nn.
1241 4349 1309 4421 155,
1335 4349 1419 4430 186);
1445 4346 1473 4438 si

829 4437 919 4510 pacta
940 4450 959 4490 a
981 4433 1171 4508 resignante,
1188 4431 1240 4492 vel
1261 4449 1280 4489 a
1300 4431 1339 4493 It.
1357 4431 1394 4490 P.
1412 4429 1473 4488 sibi

828 4507 1475 4674 ffipoffipnonimpleveritharis.,Lib.I,

879 4636 887 4664 ,
965 4638 972 4653 .
