3536 5124
280 269 346 338 300
403 293 492 338 runca
517 293 563 338 nr.
582 295 734 338 -rnncn
762 295 808 339 ru.
836 261 899 339 r'rr.
928 295 948 339 r.
976 295 1016 340 err
1040 294 1150 349 oureus
1174 295 1297 341 roesrr.
1323 295 1491 340 cousrsrnr

341 393 417 462 552.
445 393 599 485 Denique
625 393 660 462 in
685 393 800 479 dubio,
834 401 952 464 utrum
984 395 1154 464 confessio
1183 403 1258 465 rata
1293 395 1397 466 luerit
1426 417 1470 465 an
1502 398 1608 483 irrita,

280 501 442 569 standum
466 507 518 570 est
542 523 603 590 pro
628 501 745 571 valore
769 491 879 586 actus,
906 509 941 572 et
964 503 1168 588 tenendum,
1194 509 1233 573 ut
1256 503 1352 588 alias,
1386 505 1451 593 legi
1483 505 1610 575 satisle
1668 515 1672 524 '

280 605 367 674 cisse
390 625 470 674 eum
494 606 551 698 qui
575 607 754 676 confessus
778 613 830 674 est
854 607 970 694 (Prot,
990 615 1008 688 g
1030 609 1118 694 160).
1137 609 1306 690 Quocirca
1323 631 1393 678 non
1411 611 1541 699 cogeris
1556 611 1610 681 de·

279 731 350 780 nuo
373 711 530 782 confiteri
554 714 581 781 si
605 712 740 782 dubites
764 733 808 781 ne
837 713 986 782 deluerit
1017 713 1156 804 aliquid,
1191 714 1277 800 sive,
1306 717 1368 798 l⁰.,
1393 715 1609 804 confessioni,

280 839 315 886 v.
342 837 389 905 c.,
415 840 459 890 ne
475 819 709 889 conscientiae
726 826 806 888 tuae
823 820 970 888 latebras
987 821 1220 908 exploraveris
1236 822 1319 892 satis
1335 822 1516 911 diligenter
1531 825 1609 912 (11);

223 941 224 950 ’
280 925 367 1010 sive,
393 927 459 1010 2⁰,
485 925 606 1010 dolori,
633 931 754 1016 utputa
779 923 806 993 si
831 931 1011 1013 peccatum
1036 926 1184 995 dolueris
1208 927 1251 996 ob
1275 933 1409 998 metum
1425 949 1611 1018 poenarum

279 1032 534 1120 temporalium,
549 1039 610 1101 aut
623 1031 834 1122 propositum
853 1031 995 1102 formale
1012 1037 1048 1101 et
1063 1031 1265 1122 explicitum
1282 1037 1313 1122 (ἓ
1330 1031 1405 1119 177,
1420 1055 1455 1104 n.
1472 1036 1526 1122 22)
1544 1056 1613 1104 non

281 1139 442 1208 habueris
461 1142 542 1227 (11)
569 1140 655 1224 sive,
681 1139 746 1224 5⁰,
773 1138 999 1214 oosotouont·
1038 1138 1169 1208 veritus
1194 1140 1294 1224 lorte,
1329 1161 1373 1209 ne
1405 1140 1613 1209 confessario

282 1244 432 1313 deluerit
455 1243 657 1328 iurisdictio,
684 1245 740 1314 vel
764 1265 808 1314 ne
839 1245 1001 1328 formam,
1034 1251 1094 1312 aut
1126 1263 1168 1313 ne
1201 1244 1278 1328 rite,
1314 1244 1610 1332 pronunciaverit:

281 1349 408 1435 immo,
434 1351 508 1436 l⁰.,
534 1351 597 1420 etsi
636 1349 849 1438 ignoraveris
885 1352 938 1419 SS.
966 1349 1162 1434 Trinitatis,
1189 1356 1223 1418 et
1259 1349 1512 1418 lncarnationIs
1536 1369 1610 1438 my·

281 1456 386 1526 steria
406 1458 487 1544 (15).
735 1539 740 1552 ⁸

341 1564 417 1632 555.
445 1564 585 1644 Quoties
609 1569 725 1633 autem
742 1563 913 1633 confessio
929 1567 982 1632 est
997 1565 1196 1652 repetenda,
1215 1561 1386 1647 intererit,
1405 1568 1521 1630 utrum
1540 1583 1615 1650 poe·
1734 1633 1735 1654 ,

288 1667 405 1737 nitens
427 1669 529 1738 adeat
560 1670 709 1758 priorem
739 1667 1002 1754 confessarium,
1033 1689 1078 1736 an
1110 1668 1216 1738 alium
1247 1667 1358 1737 adeat.
1391 1667 1424 1735 si
1452 1667 1613 1756 priorem,

289 1774 457 1865 siquidem
483 1775 511 1843 is
534 1775 735 1844 recordatur
758 1780 979 1864 peccatorum
1004 1773 1040 1841 in
1071 1773 1227 1858 confuso,
1258 1779 1319 1842 aut
1354 1779 1483 1842 statum
1512 1772 1617 1862 ipsius
1734 1791 1735 1846 l

284 1879 507 1968 poenitentia,
533 1887 590 1948 aut
617 1878 863 1948 satisfactionis
886 1877 918 1948 ei
943 1878 1136 1968 impositae,
1168 1879 1251 1949 satis
1279 1880 1346 1949 erit
1378 1879 1458 1948 buic
1487 1879 1613 1964 dicere,
1733 1893 1735 1906 ·

282 2007 407 2056 accuso
432 1989 545 2056 mede
569 1988 733 2077 hisquae
757 1986 841 2055 alias
866 1984 926 2053 tibi
964 1989 1141 2055 confessus
1174 1985 1236 2070 lui,
1263 1993 1302 2053 ut
1329 2007 1408 2054 eum
1440 1985 1617 2056 absolvere

282 2092 389 2181 possit
408 2095 489 2182 (11).
517 2093 575 2162 Sin
599 2091 671 2162 adit
694 2092 813 2176 alium,
839 2111 920 2160 cum
937 2091 965 2161 is
983 2113 1162 2183 nunquam
1179 2091 1379 2161 distinctam
1396 2101 1617 2181 peccatorum

234 2243 236 2250 ·
284 2200 335 2268 sui
360 2199 573 2288 poenitentis
596 2198 757 2267 notitiam
782 2197 952 2282 babuerit,
979 2198 1080 2266 debet
1103 2196 1236 2286 singula
1250 2198 1378 2266 iterum
1394 2197 1425 2267 ei
1443 2197 1614 2282 confiteri,

281 2304 378 2396 quasi
402 2325 582 2396 nunquam
607 2305 763 2374 confessa
787 2303 936 2373 luissent
955 2305 1035 2392 (16).
1063 2309 1238 2373 Hactenus
1262 2305 1303 2374 de
1327 2304 1542 2393 poenitente.
1630 2355 1635 2366 .

342 2413 417 2480 561.
446 2412 621 2497 Sacerdos,
646 2411 704 2502 qui
730 2417 869 2499 rogatus
892 2409 989 2478 audit
1012 2409 1278 2495 contessionem,
1304 2417 1445 2479 tenetur
1460 2410 1559 2501 quasi
1576 2430 1618 2478 ex

283 2523 478 2602 contractu,
506 2517 650 2608 ideoque
675 2539 718 2585 ex
743 2515 887 2602 iustitia,
921 2523 1180 2586 sacramentum
1212 2515 1454 2586 administrare
1482 2516 1549 2585 rite
1580 2535 1618 2584 ac

282 2633 388 2710 recte,
414 2626 479 2694 etsi
505 2647 576 2694 non
601 2625 770 2714 parochus
789 2625 870 2710 (16).
898 2630 1017 2714 Itaque
1041 2625 1069 2692 si
1093 2624 1164 2713 ipse
1189 2623 1224 2693 in
1248 2623 1362 2714 aliquo
1387 2623 1554 2692 delecerit
1585 2629 1619 2692 et
1733 2663 1735 2694 2

283 2726 349 2795 boc
373 2727 480 2796 lateat
504 2723 755 2814 poenitentem,
781 2725 994 2815 quaerimus,
1020 2747 1065 2794 an
1089 2726 1213 2794 debeat
1235 2732 1315 2794 eum
1340 2727 1381 2794 de
1405 2726 1469 2794 bac
1494 2747 1531 2794 re
1549 2745 1618 2794 cer·

342 2950 407 3030 (11)
430 2953 587 3024 Busemb.‚
611 2969 659 3028 op.
685 2954 716 3012 S.
736 2952 845 3028 Alpb.,
868 2952 924 3023 VI,
981 2953 1073 3010 rende
1091 2957 1285 3011 sacramento
1300 2971 1350 3011 res
1366 2953 1432 3012 esti
1446 2952 1497 3031 (V.
1517 2955 1550 3012 S.
1569 2951 1620 3012 Al·

284 3033 353 3091 471.
980 3033 1101 3108 pheos,
1118 3033 1163 3091 Η.
1181 3033 1234 3101 Α.,
1251 3034 1336 3103 XVI,
1353 3033 1391 3092 26
1412 3037 1442 3091 in
1458 3031 1516 3103 fi.)

342 3111 408 3188 (12)
430 3113 461 3172 S.
488 3113 596 3188 Alpb.,
628 3113 686 3184 VI,
718 3112 794 3182 450,
823 3112 926 3186 ibique
1040 3111 1106 3190 (13)
1127 3114 1228 3182 Viva,
1260 3114 1291 3170 in
1314 3113 1456 3172 Innocen.
1481 3113 1538 3183 XI,
1570 3111 1618 3182 65,

282 3194 391 3266 Vasq.,
404 3193 508 3263 Suam,
524 3193 688 3262 bellarm,
705 3193 797 3262 Viva,
818 3191 925 3251 Groix.
980 3191 998 3265 ἓ
1015 3193 1062 3263 1ος
1087 3195 1166 3252 banc
1186 3210 1303 3267 quoque
1324 3193 1495 3270 opinionem
1525 3191 1622 3251 refor-

283 3274 399 3332 Verum
433 3273 464 3332 S.
489 3275 604 3331 Doctor
625 3275 662 3330 ab
684 3274 741 3330 bac
771 3273 928 3330 sententia
981 3274 1081 3331 mavit
1102 3273 1134 3330 S.
1155 3273 1261 3348 Alpb.,
1293 3274 1323 3330 in
1352 3274 1427 3333 edit.
1459 3272 1512 3330 VI.
1544 3275 1621 3330 Item

216 3381 217 3384 ¹
282 3352 412 3410 recessit
433 3371 482 3410 an.
509 3353 597 3422 1767,
620 3361 707 3412 ratus
721 3359 843 3412 certam
858 3368 927 3409 con·
980 3351 1007 3409 si
1022 3360 1148 3428 propter
1168 3353 1291 3412 dubium
1307 3354 1440 3428 suscepti
1455 3353 1622 3428 baptisma-

283 3433 390 3490 fitendi
412 3433 635 3512 obligationem
652 3433 844 3492 consessione
866 3432 927 3488 du·
980 3431 1023 3488 tis
1044 3433 1141 3490 denuo
1171 3435 1214 3492 sis
1245 3434 1461 3507 l‘reptizandus:
1495 3451 1567 3489 nam
1597 3431 1622 3490 si

284 3514 333 3570 bie
361 3513 468 3570 valida
494 3513 620 3588 impleri
647 3531 704 3570 non
732 3529 830 3588 posse.
868 3511 926 3569 Sed
983 3511 1082 3570 valuit
1111 3513 1292 3588 baptismus,
1324 3517 1450 3591 peccata
1479 3513 1623 3571 obsolute

285 3592 353 3652 heic
377 3609 434 3648 non
458 3609 621 3650 versamur
651 3593 682 3650 iu
710 3593 799 3650 dubio
828 3591 924 3660 lacti,
980 3598 1063 3658 sunt,
1086 3593 1112 3649 si
1134 3611 1193 3651 non
1215 3593 1328 3663 valuIt,
1346 3591 1624 3650 nonsuntconles·

283 3673 402 3748 quondo
414 3671 467 3730 lex
482 3672 512 3728 in
529 3672 718 3747 possessione
733 3677 791 3741 est,
810 3677 924 3740 utrum,
981 3671 1076 3729 sionis
1098 3673 1242 3730 materia.
1261 3671 1354 3732 Aliud
1371 3671 1448 3730 iuris
1463 3675 1511 3730 est
1526 3671 1557 3728 in
1573 3671 1623 3728 ad-

285 3769 403 3826 nempe,
428 3751 586 3809 confessus
615 3752 723 3822 luerit,
760 3769 798 3808 an
826 3751 926 3809 mInus
981 3751 1085 3810 missis
1112 3753 1149 3809 ab
1178 3752 1290 3812 ultima
1320 3751 1521 3816 confessione,
1552 3755 1623 3808 ante

283 3833 315 3911 (ᾗ
332 3831 400 3902 170,
418 3849 448 3890 n.
466 3829 528 3907 46);
552 3831 602 3890 sed
624 3831 655 3888 in
677 3831 777 3901 dubio,
802 3847 854 3888 seu
876 3849 926 3904 po·
982 3832 1130 3890 iteratum
1151 3832 1317 3906 baptisma,
1341 3831 1417 3890 haec
1438 3842 1509 3889 sunt
1531 3830 1622 3888 confi-

285 3913 347 3972 tius
376 3913 599 3986 probabilitate
632 3912 710 3969 iuris
737 3909 790 3990 (V.
816 3911 847 3970 S.
872 3911 926 3968 AI·
981 3908 1623 3987 tenda(S.U.1.,17Iun.1715;17De-

283 3992 389 4068 phon.,
414 3992 470 4062 111,
499 3991 569 4060 700,
601 4009 631 4048 v.
662 3992 725 4050 Sed
752 3991 924 4068 occurrit):
981 4007 1058 4048 cem.
1079 3990 1165 4050 1868.
1190 3991 1284 4059 Acta,
1306 3993 1360 4060 IV,
1384 3989 1468 4070 320).
1487 3989 1625 4050 Scilicet

284 4071 547 4144 dubitaturenim,
562 4072 926 4146 otromcnnlessr'ofue-
981 4069 1013 4127 iu
1035 4075 1167 4144 quatuor
1188 4073 1399 4147 superioribus
1421 4072 1542 4129 casibus
1558 4087 1623 4145 pos·

283 4153 329 4208 rit
350 4153 462 4209 solido
484 4172 531 4210 on
560 4153 725 4221 1116111101(-
752 4153 829 4227 quod
858 4169 926 4209 cum
981 4151 1061 4208 sidet
1083 4151 1245 4224 confessio,
1271 4152 1340 4210 heic
1361 4153 1534 4226 baptismus
1557 4165 1623 4224 pos·

283 4231 464 4302 dubitatur,
509 4233 621 4290 aalide
657 4241 705 4291 est
738 4233 926 4307 reputando
981 4227 1072 4287 sidet.

283 4310 330 4386 (S.
356 4311 462 4387 Alpb.,
486 4313 541 4383 VI,
565 4311 647 4388 505)
672 4320 704 4371 ut
724 4313 806 4372 alias
833 4312 864 4369 in
893 4329 927 4369 eo
1041 4307 1107 4388 (14)
1129 4309 1226 4386 Lugo,
1244 4310 1329 4382 XVI,
1347 4311 1502 4381 deneas,
1520 4310 1552 4368 S.
1572 4307 1624 4368 Al·

284 4391 335 4464 qui
358 4393 473 4449 recitat
494 4393 587 4450 boras
609 4393 771 4451 canonicas
786 4391 928 4450 volunta·
982 4391 1087 4466 phun,
1111 4389 1179 4450 502.

285 4469 331 4528 rie
353 4469 522 4530 distractus
544 4471 645 4529 animo
666 4473 711 4551 (S.
736 4472 844 4547 Alpb.,
868 4471 924 4542 111,
1042 4469 1107 4547 (15)
1122 4471 1225 4541 Suara,
1242 4468 1292 4541 22,
1308 4471 1339 4538 6(
1355 4471 1452 4546 Lugo,
1472 4473 1492 4529 l.
1510 4487 1536 4528 c.
1555 4470 1625 4529 Ger·

286 4546 367 4626 177).
381 4551 447 4610 Nec
462 4567 601 4627 regerere,
615 4552 684 4609 heic
699 4552 751 4626 agi
766 4553 802 4610 de
820 4551 927 4610 valore
983 4557 1046 4609 tum
1059 4552 1136 4626 apud
1149 4567 1253 4608 omnes
1264 4551 1384 4626 (Oscis,
1399 4549 1453 4620 VI,
1468 4551 1508 4622 II,
1524 4545 1624 4624 1216).

286 4631 488 4702 sacramenti,
511 4631 655 4706 numquid
677 4632 759 4688 enim
774 4632 810 4689 de
826 4631 899 4690 conf
917 4663 929 4675 ·
1042 4627 1108 4709 (16)
1129 4631 1160 4690 S.
1185 4631 1293 4707 Alpb.,
1315 4631 1370 4704 VI,
1394 4629 1463 4690 610.
