3594 5122
286 222 351 291 188
409 243 498 290 urana
523 243 568 288 ιιι.
586 259 608 272 -
625 242 740 288 rnacr.
769 242 814 286 ιιι.
842 241 906 288 ιιι.
933 241 954 285 ι.
982 237 1023 286 ax
1046 239 1157 296 ocinus
1181 238 1305 284 roamr.
1332 235 1505 283 consrsrnr

288 345 334 413 sit
362 363 487 412 cavere
518 347 673 432 peccata,
705 348 741 412 et
771 339 948 431 proximas
979 338 1178 410 occasiones
1208 337 1396 427 peccandi,
1426 345 1462 406 et
1483 337 1512 407 si
1543 357 1628 428 quas

288 448 513 537 obligationes
537 449 653 534 babet,
670 453 794 537 utputa
819 446 1036 532 restituendi,
1063 465 1121 515 eas
1145 444 1298 534 implere.
1315 444 1400 514 Heic
1422 450 1540 514 autem
1556 465 1627 513 cre-

288 557 440 625 dendum
471 563 524 625 est
553 554 745 645 poenitenti
776 553 865 624 serio
898 554 983 622 haec
1018 550 1253 642 promittenti,
1280 550 1425 640 ideoque
1455 550 1629 638 cogendus

289 681 359 735 non
384 665 437 730 cst
459 661 529 731 suis
551 660 817 750 obligationibus
839 667 942 728 antea
967 657 1165 727 satisfacere
1189 677 1294 748 quam
1316 656 1530 742 absolvatur,
1561 655 1627 725 nisi

289 766 374 837 alias
396 765 500 838 fidem
521 768 656 855 pluries
679 765 840 836 fefellerit
866 766 948 856 (th).
978 771 1122 833 Demum
1147 762 1175 832 si
1199 762 1334 831 dubitet
1359 783 1403 830 ne
1437 763 1526 830 forte
1550 781 1628 850 poe-

289 874 406 943 nitens
438 873 484 944 sit
512 894 629 961 capua
662 871 898 958 absolutionis
925 875 964 938 ut
987 870 1097 962 pueri,
1123 868 1317 958 semifatui3
1346 868 1401 936 vel
1436 888 1480 936 ne
1517 866 1629 937 subsit

291 985 444 1050 materia
478 984 575 1050 circa
600 999 730 1072 qaam·
760 979 840 1072 quia
875 975 1057 1070 poenitens
1085 967 1235 1048 admisit
1258 978 1329 1046 sola
1360 975 1511 1046 venialia
1540 979 1630 1047 forte

166 1085 168 1090 ’
290 1108 361 1156 non
386 1087 487 1177 plane
510 1086 711 1173 deliberata,
737 1093 840 1155 etex
872 1083 1069 1176 praeteritis
1102 1083 1377 1154 confessionibus
1410 1083 1509 1168 certi,
1539 1083 1631 1174 quod
1750 1081 1752 1112 ⁵

290 1191 326 1260 in
350 1213 514 1282 praesens
537 1191 757 1278 confiteatur,
783 1191 870 1283 nihil
904 1193 1047 1261 babeat:
1075 1192 1103 1260 is
1125 1191 1189 1260 sub
1215 1190 1415 1261 conditione
1450 1189 1630 1260 absolven·
1750 1215 1752 1286 p

290 1299 354 1368 dus
377 1297 454 1368 erit.

737 1514 809 1594 §a
829 1518 877 1580 De
905 1513 1020 1604 Officio
1044 1513 1181 1580 mediet.

351 1700 427 1768 556.
449 1698 578 1770 Deinde
595 1699 837 1784 confessarius
855 1721 923 1791 qua
940 1699 1064 1770 medici
1082 1697 1234 1768 officium
1251 1698 1351 1787 gerit,
1362 1696 1491 1766 morbis
1513 1696 1632 1801 poeni·
1750 1779 1752 1798 ⁴

290 1807 442 1878 tentium
465 1805 594 1876 mederi
608 1805 721 1892 debet,
736 1801 826 1898 quod
847 1828 918 1876 non
935 1807 977 1876 ad
991 1813 1191 1897 praesentes
1211 1806 1421 1896 poenitentis
1438 1804 1632 1893 dispositio·
1750 1801 1752 1872 i

292 1932 366 1997 nes,
380 1912 440 1982 sed
462 1911 505 1981 ad
518 1932 673 2003 eosquos
695 1913 819 1982 medici
835 1916 1009 1984 recidivus
1024 1921 1164 2000 vocant,
1184 1914 1358 1985 cavendas
1374 1911 1535 2002 pertinet.
1558 1917 1631 1980 flac
1750 1955 1752 2014 ,

291 2039 328 2086 re
352 2039 438 2108 quae
463 2018 576 2088 facere
600 2017 692 2088 licite
721 2027 836 2109 posset
858 2041 917 2090 scu
942 2041 1010 2112 qua
1034 2021 1138 2090 iudex
1161 2039 1222 2088 seu
1246 2041 1312 2110 qua
1338 2017 1509 2104 minister,
1524 2018 1631 2088 inter-

291 2123 464 2215 dumque
488 2123 643 2194 medicus
667 2127 781 2195 lacere
805 2125 1006 2215 prohibetur
1031 2128 1090 2214 (l).
1107 2125 1217 2196 Morbi
1241 2125 1438 2195 huiusmodi
1466 2131 1549 2194 sunt
1572 2124 1632 2193 ha·
1751 2129 1752 2140 ’

290 2229 394 2314 bitus,
419 2229 630 2316 occasiones
658 2231 827 2320 relapsus;
853 2230 933 2300 inde
970 2229 1140 2299 habituati
1171 2229 1506 2320 (consuetudinarii),
1532 2249 1632 2299 occa-

290 2335 444 2420 siona'rii,
471 2341 506 2404 et
540 2335 695 2404 recidivi.
722 2336 811 2418 Quid
843 2337 888 2404 sit
919 2336 1068 2422 occasio,
1093 2335 1175 2427 quid
1209 2333 1359 2420 babitus,
1389 2335 1473 2404 alias
1506 2333 1632 2404 tradidi

294 2443 410 2530 (Proh,
429 2449 470 2524 ἐξ
491 2443 565 2528 lttt,
586 2445 675 2530 tta).
696 2445 905 2512 Habituctus
920 2443 1046 2512 dicitur
1069 2446 1130 2533 qui
1151 2443 1438 2512 consuetudinem
1460 2441 1635 2530 peccandi
1751 2519 1752 2540 ἢ

291 2553 483 2620 contraxit:
510 2551 725 2620 contraxisse
749 2556 867 2620 autem
903 2550 1108 2639 intelligitur
1131 2551 1161 2618 si
1182 2550 1379 2642 quinquies,
1415 2549 1631 2640 regulariter,
1751 2551 1752 2554 ’

291 2677 353 2746 per
376 2675 546 2742 mensem,
572 2655 679 2726 immo
705 2657 762 2726 vel
785 2656 891 2726 semel
914 2657 951 2725 in
975 2655 1127 2742 lubricis,
1152 2656 1189 2726 in
1214 2657 1335 2726 eadem
1359 2663 1501 2746 peccata
1526 2657 1633 2726 relabi

291 2763 399 2832 soleat
424 2763 484 2850 (2).
518 2767 787 2832 occasiunculas
821 2762 958 2854 estqui
993 2769 1153 2832 versatur
1187 2761 1223 2831 in
1256 2762 1437 2832 occasione
1475 2760 1632 2851 proxima

294 2869 454 2957 (formali)
481 2867 659 2957 peccandi.

359 2977 436 3044 557.
464 2981 567 3043 Porro
591 2995 704 3066 neque
728 2975 941 3061 occasiones,
967 2995 1079 3066 neque
1103 2975 1241 3044 habitus
1265 2981 1406 3064 peccata
1431 2973 1502 3063 ipsa
1535 2977 1630 3059 sunt,

288 3101 355 3151 nec
384 3079 551 3170 peccandi
585 3085 822 3150 necessitatem
858 3087 1048 3170 praestant,
1075 3081 1134 3150 sed
1166 3081 1366 3170 periculum
1401 3085 1541 3148 tantum
1569 3081 1628 3168 (6).

290 3193 409 3280 ltaque
424 3187 535 3277 prima
549 3186 626 3256 vice
638 3187 819 3273 absolutio,
834 3187 1049 3276 regulariter,
1063 3187 1176 3258 danda
1189 3193 1242 3257 est
1252 3195 1328 3256 tum
1342 3185 1542 3272 habitualis,
1557 3193 1632 3256 tum

290 3295 343 3364 his
367 3293 425 3386 qui
449 3293 486 3362 in
510 3294 691 3364 occasione
715 3301 905 3386 utcumque
929 3295 1123 3364 neccssaria
1147 3301 1345 3380 versantur,
1370 3294 1558 3362 dummodo
1581 3313 1632 3363 se·

291 3401 342 3470 rio
366 3401 573 3491 promittant
595 3401 680 3470 haec
704 3422 898 3487 removere,
924 3406 959 3470 et
983 3400 1107 3470 ceteris
1143 3400 1280 3490 paribus
1307 3402 1365 3488 (4).
1393 3399 1453 3470 llis
1476 3401 1534 3490 qui
1560 3419 1632 3468 mo-

351 3621 417 3701 (24)
430 3624 478 3682 Ex
496 3623 529 3681 S.
547 3623 718 3694 Antonium
737 3624 833 3699 Lugc,
845 3621 931 3694 XIV,
963 3613 1050 3681 ¹cile
1081 3623 1281 3682 eradicantur
1308 3623 1355 3704 (S.
1391 3623 1507 3699 Alpb.,
1542 3621 1631 3700 464);

294 3701 366 3774 17ος
390 3702 502 3773 Salm,
527 3703 575 3772 17,
598 3699 628 3772 2,
653 3701 719 3760 167.
988 3701 1095 3762 deinde
1110 3703 1350 3778 quiahabituati
1366 3703 1515 3763 nolentes
1531 3705 1569 3762 aa
1581 3721 1633 3762 ea·

351 3780 397 3862 (1)
416 3783 455 3841 V.
481 3783 512 3842 S.
537 3783 645 3858 Alpb.,
668 3782 723 3854 VI,
747 3781 816 3855 452,
840 3789 900 3846 etc.
989 3783 1062 3841 dem
1085 3785 1165 3841 vitio
1187 3783 1395 3842 deliciantur
1409 3781 1455 3864 (S.
1474 3783 1631 3853 Anselm.‚

365 3862 385 3922 2
413 3863 444 3922 S.
458 3863 566 3939 Alpb.,
580 3861 624 3922 H.
637 3864 755 3933 Α.,Τι.
770 3863 842 3935 ult,
856 3885 886 3926 n.
901 3868 930 3924 8.
988 3862 1035 3922 De
1057 3863 1180 3932 simae,
1201 3864 1235 3923 0.
1262 3861 1343 3940 189).

365 3941 384 4000 3
417 3943 515 4019 bugd,
547 3941 632 4012 XIV,
662 3943 735 4012 1663
766 3945 798 4003 S.
823 3945 931 4022 Alpb.,
1047 3942 1092 4022 (4)
1113 3945 1151 4002 V.
1178 3943 1211 4001 S.
1244 3945 1353 4020 Alpb.,
1385 3941 1442 4014 ΙΙΙ,
1475 3943 1551 4014 438;
1575 3941 1631 4014 VI,

291 4021 347 4094 VI,
370 4021 441 4093 459,
464 4042 494 4080 v.
514 4021 678 4082 Secunda.
697 4025 739 4082 Et
759 4026 934 4085 occasiones
989 4019 1058 4094 455,
1091 4022 1159 4082 456.
1184 4025 1276 4082 Serto
1297 4055 1315 4067 -
1336 4027 1450 4082 ceteris
1468 4023 1632 4098 paribus‚·

291 4102 413 4178 quidem
430 4103 569 4178 gravius,
587 4103 698 4179 quippe
713 4120 790 4178 quae
805 4122 856 4164 res
870 4123 934 4162 sen·
989 4120 1060 4160 nem
1088 4107 1121 4161 et
1143 4105 1183 4172 ei,
1210 4105 1269 4180 poi
1300 4103 1395 4161 babet
1423 4103 1633 4162 consuetudi-

291 4183 375 4242 sibus
407 4183 598 4252 subticendo,
632 4181 769 4241 animum
802 4185 934 4244 irritant
989 4199 1066 4240 aem
1084 4185 1261 4258 peccandi,
1282 4185 1312 4241 si
1332 4185 1453 4242 tantum
1485 4201 1541 4242 ore
1558 4201 1633 4260 pro·

291 4263 406 4320 acrius.
430 4261 643 4321 Nihilominus
665 4280 732 4320 cum
761 4263 935 4324 habitastis
989 4264 1079 4336 ferat
1097 4282 1131 4322 se
1145 4264 1254 4324 dolere
1275 4271 1307 4322 et
1322 4280 1505 4340 proponere
1525 4281 1632 4322 emen-

292 4341 401 4400 mitius
423 4344 574 4418 agendum
595 4348 654 4414 est,
677 4359 768 4419 quam
790 4359 859 4401 cum
884 4343 934 4402 his
990 4343 1177 4414 dationem
1197 4348 1230 4403 et
1261 4343 1302 4414 ei,
1326 4346 1384 4419 qai
1415 4345 1454 4400 ira
1471 4345 1631 4419 proxima

292 4421 344 4496 qui
367 4421 398 4480 in
421 4423 580 4481 occasione
601 4423 782 4482 voluntaria
815 4440 935 4481 moran·
990 4425 1160 4482 occasione
1182 4431 1460 4500 versatur,quam
1479 4429 1632 4499 potestat
1751 4481 1752 4490 ,

291 4506 361 4572 tur;
384 4500 517 4578 primum
540 4502 613 4577 quia
634 4503 771 4574 babitus,
795 4519 864 4560 cum
889 4521 935 4562 se·
992 4520 1060 4560 non
1092 4504 1165 4562 oalt
1186 4506 1343 4574 omittere,
1364 4505 1533 4578 negandam
1565 4519 1632 4562 esse

291 4581 354 4640 mel
377 4582 577 4652 inoleverint,
601 4599 655 4640 nec
686 4582 787 4651 brevi,
811 4599 867 4641 nec
889 4583 935 4641 fa·
990 4582 1107 4660 (Innoc.
1132 4583 1187 4654 XI,
1210 4583 1261 4655 60,
1283 4582 1346 4664 61),
1369 4584 1472 4659 palem
1491 4589 1549 4642 est.
