3540 5130
500 1017 1151 1181 munoouorro

211 1690 424 1764 Christianos
447 1689 491 1759 ab
524 1686 723 1761 hominibus
757 1687 882 1758 ceteris
916 1686 1033 1776 religio
1067 1687 1237 1776 secernit,
1263 1685 1339 1757 ideo
1370 1708 1494 1759 omnes

149 1797 378 1890 obligationes
401 1793 670 1866 christianorum
706 1793 863 1885 propriae
886 1814 907 1863 a
931 1794 1109 1884 religione,
1134 1813 1240 1886 quam
1277 1792 1494 1884 profitemur,

151 1910 284 1976 statum
306 1903 468 1994 capiunt;
492 1908 529 1972 et
553 1902 609 1972 vel
632 1901 796 1988 naturali,
822 1901 878 1972 vel
901 1900 1034 1988 divino,
1053 1903 1110 1972 vel
1133 1900 1301 1971 canonico
1317 1900 1393 1970 iure
1411 1922 1493 1972 con·

151 2016 267 2081 stant:
282 2012 381 2097 velut
391 2007 515 2094 oratio,
539 2012 771 2094 sacramenta,
796 2007 924 2078 ieiunia
941 2009 1001 2097 (l).
1020 2011 1150 2077 Omnes
1179 2012 1298 2076 autem
1322 2012 1358 2076 ct
1379 2006 1423 2078 ad
1445 2007 1496 2078 di·

153 2117 277 2187 vinum
301 2115 448 2201 cultum,
466 2121 502 2184 et
523 2113 567 2184 ad
590 2101 747 2183 nostram
761 2113 1075 2184 sanctificationem
1099 2113 1297 2204 pertinent3
1315 2113 1391 2184 sive
1413 2135 1494 2186 cum

153 2223 360 2314 primumad
376 2221 486 2307 illum,
499 2223 540 2289 ut
562 2239 642 2291 ecce
665 2239 754 2311 quae
777 2219 954 2308 profluunt
976 2241 1021 2290 ex
1044 2219 1221 2290 beneficiis
1236 2219 1493 2310 ecclesiastico,

153 2329 228 2399 sive
251 2331 294 2398 ad
318 2329 408 2398 hanc
432 2327 597 2418 primum,
615 2331 738 2415 utputa
761 2345 850 2417 quae
866 2346 911 2395 ex
934 2325 1161 2396 sacramentis
1184 2325 1371 2415 prolluunt.
1384 2331 1495 2424 ¹Porro

152 2435 266 2506 cultus
289 2435 430 2504 divinus
452 2438 637 2504 exercetur
652 2434 734 2502 locis
757 2438 828 2502 Deo
850 2431 970 2520 saorla,
995 2438 1032 2503 et
1047 2432 1253 2502 clericorum
1277 2435 1494 2517 ministerio,-

155 2551 272 2615 nostra
295 2551 414 2614 antem
437 2541 667 2613 sanctificatio
694 2541 848 2611 maxime
874 2545 1109 2612 reuomentes
1137 2540 1323 2632 perficitur.
1350 2544 1377 2612 Α
1411 2541 1496 2611 locis

154 2649 259 2740 igitur
282 2648 389 2720 sacris
412 2656 447 2718 et
470 2647 647 2718 beneficiis
662 2646 902 2718 ecclesiasticis
925 2646 1130 2717 ordiendum
1153 2647 1231 2716 erit.
1251 2653 1330 2716 Post
1352 2648 1437 2718 haec
1453 2648 1496 2716 ad

154 2777 213 2827 eas
226 2755 452 2846 obligationes
464 2753 697 2844 transgrediar
712 2774 800 2845 quac
822 2753 980 2824 omnium
1003 2753 1273 2824 christianorum
1289 2775 1494 2844 communes

153 2870 248 2952 sunt,
265 2871 301 2933 et
313 2862 528 2952 singulorum
540 2859 709 2951 propriae:
724 2859 866 2929 tandem
882 2859 924 2930 de
936 2860 1177 2946 sacramentis,
1187 2881 1335 2951 quorum
1348 2861 1495 2931 materia

154 2989 234 3038 cum
250 2967 410 3039 omnium
425 2975 461 3038 et
475 2966 675 3037 difficillima
691 2972 726 3036 et
742 2953 953 3036 nobilissima
974 2964 1031 3052 sit,
1048 2987 1116 3057 quo
1133 2965 1256 3036 melius
1271 2965 1495 3056 intelligatur,

155 3095 225 3145 non
248 3074 414 3162 secundo,
439 3072 500 3143 sed
522 3078 696 3161 postremo
719 3071 795 3141 loco
817 3069 1040 3141 tractandum
1064 3071 1160 3141 duxi.
1187 3069 1251 3141 Sed
1285 3071 1496 3142 admonendi

153 3201 274 3252 sumus
296 3203 338 3252 aa
373 3181 504 3266 omnia,
528 3200 617 3272 quac
640 3177 856 3268 disciplinam
881 3177 1070 3268 attingunt,
1096 3179 1139 3248 ad
1173 3177 1281 3248 solam
1313 3179 1495 3250 ecclesiam

154 3289 299 3362 latinam
322 3290 514 3381 pertinere:
541 3309 624 3359 nam
646 3287 813 3358 ecclcsiae
841 3285 929 3357 ritus
958 3285 1137 3357 orientalis
1163 3290 1211 3378 (et
1244 3287 1412 3358 terdecim
1443 3310 1496 3360 rc·

153 3398 354 3486 censentur)
381 3393 526 3486 propriis
548 3400 696 3464 utuntur
729 3393 872 3485 legibus,
897 3393 956 3485 qui
980 3393 1109 3462 nedum
1133 3413 1153 3463 a
1177 3393 1284 3463 latina
1319 3393 1407 3484 plus,
1433 3394 1497 3464 mi-

154 3521 279 3588 nusve,
305 3502 365 3570 sed
387 3507 423 3570 et
446 3501 538 3570 inter
560 3521 597 3570 se
620 3500 818 3590 discrepant
843 3501 901 3589 (l).

213 3658 260 3740 (l)
275 3660 384 3721 Dices·
401 3677 478 3734 quae
492 3659 654 3719 naturali'
646 3677 713 3718 rnre
728 3677 797 3719 con·
849 3677 1010 3736 praesens
1026 3663 1064 3718 ia
1079 3669 1205 3737 tempas
1220 3659 1495 3741 omittatffiorat„

154 3745 240 3802 stant
261 3741 344 3798 huc
335 3757 393 3798 non
408 3741 577 3815 pertinent,
593 3740 703 3816 quippo
718 3757 797 3798 com·
853 3738 900 3800 De
920 3741 999 3799 Arte
971 3738 1147 3819 τηΡοεί)

154 3821 260 3880 munia
290 3820 425 3878 omnium
456 3819 624 3882 hominum.
648 3819 697 3879 Ita
724 3829 797 3878 sane
915 3816 960 3900 (2)
980 3821 1079 3880 Porro
1099 3823 1181 3881 ritus
1203 3822 1337 3880 mutatio
1361 3821 1496 3896 pler-um

153 3899 339 3978 generatim.
363 3899 494 3958 sedcum
505 3901 542 3958 ad
565 3899 736 3976 peculiaria
748 3901 798 3958 de·
853 3917 910 3976 que
925 3901 1002 3978 apud
1018 3917 1070 3960 eos
1089 3902 1349 3978 perturbationes,
1366 3918 1421 3959 nce
1435 3919 1498 3960 mo·

154 3978 338 4049 scandimus,
354 3979 454 4038 multa
469 3985 635 4040 occurrunt
649 3997 738 4055 quae,
754 3979 799 4039 di·
854 3981 950 4054 dicas,
968 3981 1067 4057 parit3
1083 3982 1151 4040 ideo
1173 3981 1307 4040 vetitum
1322 3979 1368 4040 eis
1389 3986 1437 4040 est
1453 3981 1499 4040 in-

155 4059 344 4120 rersolicet
367 4057 497 4119 exiere
523 4060 687 4135 profluant,
714 4077 798 4136 sepa·
855 4061 939 4121 iussu
960 4062 992 4120 S.
1018 4061 1106 4120 Sedis
1137 4080 1156 4121 a
1177 4060 1302 4138 proprio
1329 4060 1497 4133 discedere,

155 4139 222 4198 rari
243 4146 348 4198 tamen
369 4141 538 4214 nequeunt:
560 4141 629 4215 quis
651 4141 733 4198 enim
755 4138 799 4198 fo·
854 4141 1043 4202 elocatum
1055 4141 1163 4212 ritum,
1178 4141 1228 4198 rel
1240 4139 1384 4212 latinum,
1397 4145 1500 4200 trans-

155 4223 207 4278 rat
226 4223 480 4292 tractantem,e
504 4237 545 4292 c.,
567 4221 604 4278 de
625 4225 713 4280 sanct
700 4219 799 4280 tifica·
856 4222 920 4280 ire·
944 4224 976 4280 et
1001 4222 1028 4280 si
1056 4221 1115 4278 duo
1135 4220 1253 4280 diversi
1279 4220 1360 4278 ritus
1386 4221 1498 4278 matri·

154 4298 239 4357 tione
260 4297 423 4372 festorum,
445 4299 499 4358 vel
518 4300 555 4358 dc
580 4300 797 4371 sacramentis,
855 4301 989 4360 monium
1017 4305 1145 4372 cocunt,
1167 4299 1296 4376 quisquo
1317 4301 1349 4358 in
1370 4315 1424 4358 suc
1449 4314 1496 4358 re·

156 4377 183 4436 si
203 4376 282 4436 alibi
302 4380 338 4440 de
359 4395 450 4438 sacro
469 4377 618 4438 audiendo
639 4385 725 4456 aget,
748 4381 800 4440 rel
856 4389 979 4453 manot;
1008 4381 1060 4438 sed
1090 4379 1150 4440 filii
1180 4397 1220 4438 ex
1241 4397 1276 4438 co
1299 4378 1499 4448 matrimonio

156 4455 193 4513 de
213 4457 387 4552 baptismol
410 4457 546 4518 Ordinis
582 4459 661 4518 haec
694 4461 799 4518 virtus
856 4460 990 4538 suscepti
1018 4459 1119 4536 patris
1146 4459 1241 4520 ritum
1263 4459 1351 4535 sequi
1378 4459 1499 4527 debent,

158 4543 242 4596 est...
261 4537 383 4600 utiam
399 4555 494 4598 acac
508 4539 635 4608 dicct,
623 4557 691 4597 rom
707 4557 800 4599 acac
855 4541 932 4600 licet
959 4558 978 4598 a
1008 4541 1192 4618 presbytero
1221 4540 1331 4612 latino,
1354 4540 1387 4597 el
1414 4554 1500 4598 more

157 4615 308 4677 debentia
330 4619 415 4678 dici:
429 4617 596 4696 Pleraque
612 4619 756 4704 differat,
771 4628 803 4680 et
855 4620 955 4681 latino
976 4619 1129 4696 baptizati
1151 4619 1279 4680 luerint.
