3594 5122
258 241 324 312 278
381 265 471 310 urceo
495 262 542 310 111.
560 280 581 292 -
597 261 712 310 macr.
739 263 785 308 111.
812 263 875 308 rrr.
902 263 924 308 1.
950 261 992 308 ux
1015 260 1125 316 oureus
1150 259 1274 307 aoenrr.
1303 258 1473 304 cousrsrar

259 365 451 455 simplicem
487 363 699 433 sacerdotem
724 361 921 447 inchoavit,
946 363 1216 450 superveniente
1239 360 1445 452 approbato,
1471 363 1602 450 poterit

259 473 496 562 penesCaium
520 476 556 540 et
578 469 779 539 inchoatam
802 468 979 558 perlicere,
997 475 1033 537 et
1055 467 1248 539 invalidam
1272 467 1416 536 iterare:
1443 467 1502 537 sed
1526 487 1598 537 non

259 582 383 668 potest,
411 583 592 668 postquam
615 577 723 644 scmel
747 574 860 644 valide
884 574 1060 645 absolutus
1084 577 1162 660 tuit,
1188 572 1314 644 omissa
1338 571 1375 640 in
1399 593 1439 642 ea
1464 573 1599 643 contes-

259 685 356 755 sione
392 681 645 772 inculpabiliter
676 679 833 750 confiteri
856 680 969 751 eidem
992 679 1088 766 Gaio,
1113 680 1238 772 quippe
1262 679 1327 748 hoc
1351 697 1485 748 novum
1510 676 1599 748 iudi·

261 791 353 862 cium
377 795 430 859 est
447 790 528 878 (16).
1238 855 1241 863 ,
1459 865 1463 870 ,

319 899 396 966 321.
424 895 486 966 Sed
509 901 544 964 et
568 893 677 984 isqui
703 893 847 975 nullam,
874 911 986 983 neque
1010 890 1235 976 ordinariam,
1254 911 1366 982 neque
1390 889 1598 978 delegatam,

260 1003 535 1076 iurisdietionem
568 999 672 1070 habet
695 999 871 1068 interdum
896 998 1008 1068 valide
1031 999 1199 1083 absolvit,
1226 997 1378 1068 Ecclesia
1401 995 1496 1066 illam
1520 1015 1600 1089 sup·

260 1112 387 1202 plente.
416 1110 554 1199 Supplet
577 1112 696 1178 autem
720 1105 994 1176 iurisdictionem
1020 1104 1183 1190 Ecclesia,
1212 1106 1276 1190 l⁰.,
1301 1123 1382 1172 cum
1406 1103 1525 1173 subest
1546 1125 1598 1173 er·

261 1238 319 1288 ror
342 1214 552 1299 communis,
577 1218 613 1282 et
636 1213 702 1282 hoc
725 1211 926 1301 expeditum
951 1218 1021 1300 est;
1048 1213 1113 1296 2⁰,
1139 1231 1219 1280 oum
1244 1209 1361 1278 subest
1383 1209 1498 1299 opinio
1522 1230 1598 1299 pro-

211 1365 214 1373 ·
259 1321 381 1391 babilis
403 1321 440 1390 in
465 1320 568 1390 dubio
587 1323 684 1388 auro
702 1321 792 1407 (16);
819 1339 890 1388 non
914 1319 999 1389 item
1025 1317 1062 1386 in
1086 1316 1189 1386 dubio
1214 1315 1303 1404 facti
1326 1321 1372 1396 lv.
1389 1337 1436 1403 e.,
1453 1315 1481 1385 si
1499 1317 1528 1385 is
1543 1315 1599 1385 cui

261 1429 423 1498 mandata
458 1427 525 1497 fuit
549 1427 591 1496 ad
614 1425 883 1515 beneplacitum,
909 1425 966 1494 vel
989 1425 1032 1494 ad
1056 1428 1190 1494 eertum
1215 1429 1372 1513 tempus,
1397 1422 1530 1492 dubitet
1553 1442 1601 1492 ne

260 1536 349 1606 torte
373 1539 531 1604 mortuus
554 1533 600 1602 sit
623 1533 652 1601 is
674 1531 732 1623 qui
757 1530 960 1616 mandavit,
986 1539 1047 1600 aut
1069 1551 1114 1600 ne
1137 1529 1319 1599 definitum
1342 1535 1479 1617 tempus
1501 1547 1601 1616 prae·

259 1641 422 1729 terierit),
450 1639 515 1709 nisi
540 1639 574 1709 id
598 1640 715 1728 exigat
739 1640 888 1708 notabile
911 1639 1163 1708 detrimentum
1187 1641 1332 1706 animae
1355 1632 1499 1704 alicuius
1519 1653 1600 1720 poe·

260 1751 405 1816 callentis
416 1749 483 1836 (17)
499 1773 505 1832 ;
525 1748 594 1832 vel,
608 1752 648 1814 ut
664 1745 797 1836 opinor,
816 1746 844 1814 si
860 1745 902 1814 de
919 1745 983 1814 hac
1000 1765 1037 1812 re
1061 1742 1214 1834 coeperit
1236 1742 1392 1814 dubitare
1416 1745 1598 1831 postquam

260 1855 443 1944 poenitens
465 1861 608 1944 peccata
632 1873 693 1922 sua
717 1851 876 1922 confiteri
899 1851 1024 1942 coepit,
1039 1850 1119 1942 quia
1144 1851 1226 1920 huic
1249 1849 1317 1919 iam
1335 1847 1530 1940 quaesitum
1547 1851 1602 1915 est

260 1959 314 2028 ius
336 1959 379 2028 ad
405 1961 659 2032 absolutionem
683 1957 920 2028 obtinendam.
940 1959 1004 2027 Sed
1019 1958 1202 2049 utrobique
1218 1957 1388 2027 absolutio
1404 1955 1517 2026 danda
1532 1952 1599 2024 erit

260 2069 297 2136 et
319 2065 382 2134 sub
406 2067 617 2153 conditione,
644 2073 683 2134 ut
707 2063 924 2135 reverentiae
948 2064 1171 2148 sacramenti,
1196 2069 1232 2131 et
1255 2068 1389 2132 mature
1420 2059 1599 2129 admonito

260 2174 302 2244 de
327 2175 391 2244 hae
414 2196 451 2243 re
475 2173 677 2264 poenitente
704 2171 743 2260 (si
768 2171 928 2241 mortalia
952 2171 1130 2240 confessus
1145 2169 1240 2257 luit),
1257 2173 1296 2238 ut
1311 2167 1413 2236 saluti
1427 2165 1503 2235 eius
1518 2184 1599 2233 cau-

259 2285 335 2350 tum
360 2280 504 2370 311118).
591 2367 596 2376 Ι
1220 2351 1223 2357 ,
1473 2335 1476 2346 .

321 2387 397 2456 511.
424 2385 575 2455 Tandem
606 2383 798 2454 iurisdictio
833 2383 1006 2474 prorogari
1044 2389 1168 2473 potest,
1194 2389 1230 2451 ul
1255 2381 1351 2465 alias,
1376 2380 1418 2450 de
1442 2385 1598 2468 tempore

260 2493 303 2562 ad
326 2498 475 2581 tempus,
501 2491 543 2560 de
567 2511 713 2581 persona
737 2490 772 2560 in
798 2511 993 2580 personam,
1011 2491 1053 2558 de
1069 2489 1143 2559 loco
1159 2489 1201 2558 ad
1217 2491 1330 2557 locum
1350 2487 1432 2574 (19).
1452 2490 1499 2553 De
1515 2501 1598 2553 casu

319 2690 386 2772 (15)
408 2693 504 2767 Lnga,
518 2688 635 2757 XVlll,
652 2689 711 2758 333
728 2689 832 2762 Suam,
848 2689 899 2760 23,
1018 2685 1084 2764 (lo)
1102 2687 1143 2746 V.
1166 2687 1266 2758 Prol.,
1289 2688 1308 2760 ἓ
1329 2687 1379 2746 78.
1403 2687 1450 2746 Ex
1473 2683 1515 2744 1⁰.
1539 2685 1598 2762 igi-

262 2773 290 2845 1,
313 2773 371 2844 29;
395 2773 427 2830 S.
451 2770 559 2846 Alph.,
583 2769 638 2840 VI,
662 2768 731 2829 563.
957 2775 1021 2836 tur,
1045 2767 1218 2825 absolvitur
1239 2765 1397 2842 poenitens
1412 2773 1430 2825 a·
1445 2767 1599 2826 confessa·

318 2849 384 2932 (16)
405 2853 443 2912 V.
468 2851 569 2922 Prol.,
592 2849 610 2924 5
632 2849 681 2910 80.
705 2849 902 2916 Quaestionis
954 2845 1013 2918 rio,
1036 2863 1134 2919 aquo
1156 2845 1346 2906 inabsolutus
1368 2847 1513 2906 dimissus
1536 2843 1597 2906 luit

260 2939 309 2994 est
331 2934 413 2990 inter
434 2931 654 2999 Recentiores,
676 2935 780 2988 utrum
795 2929 837 2988 sit
852 2946 903 2987 ne·
954 2941 1026 2983 mou
1047 2941 1242 2995 reversurus
1265 2925 1293 2984 si
1314 2926 1444 2986 redierit
1465 2944 1500 2984 eo
1520 2930 1599 2984 tom-

259 3010 397 3072 cessaria
425 3012 508 3069 iusta
537 3027 588 3068 sou
619 3008 818 3068 necessitatis
849 3026 901 3067 seu
954 3023 1027 3079 pore
1056 3023 1113 3079 quo
1144 3005 1200 3064 ille
1229 3005 1387 3066 confessor
1414 3023 1481 3064 esso
1502 3005 1599 3065 desiit

259 3089 412 3154 utilitatis
433 3102 536 3162 eausa,
552 3095 587 3149 ut
601 3089 670 3164 quis
685 3089 715 3148 in
729 3087 820 3146 dubio
836 3105 902 3164 pro·
954 3083 1006 3166 (V.
1031 3085 1063 3144 S.
1087 3083 1194 3160 Alph,
1218 3085 1272 3156 VI,
1296 3085 1365 3158 537,
1388 3105 1418 3162 q.
1448 3083 1517 3165 ΙΙΙ).
1549 3087 1597 3145 Ex

259 3171 357 3232 babili
388 3172 448 3228 boc
481 3169 697 3228 iurisdictione
728 3169 774 3228 uti
806 3169 903 3244 possit
954 3163 1012 3237 2⁰„
1037 3165 1226 3224 absolvimus
1248 3166 1428 3242 peregrinos
1443 3167 1474 3224 in
1490 3169 1598 3224 nostra

258 3251 321 3334 (cl.
353 3249 519 3318 Ballerini,
549 3250 586 3306 ad
614 3249 712 3327 dury,
746 3247 787 3318 ΙΙ,
820 3248 900 3320 549;
955 3246 1086 3304 dioecesi
1118 3243 1186 3325 (cit.
1210 3245 1300 3320 578,
1324 3263 1353 3304 n.
1377 3245 1438 3325 66).
1469 3245 1517 3304 Ex
1537 3244 1596 3316 3⁰..

264 3329 396 3390 Vindio.
413 3329 525 3406 Alpa,
541 3329 615 3388 Par.
632 3331 672 3398 V,
689 3347 718 3404 q.
734 3325 803 3404 ΙΧ).
821 3327 901 3387 Mihi
927 3365 929 3374 ι
956 3324 1124 3401 Episcopus
1134 3326 1184 3384 vel
1194 3326 1344 3402 parochus
1355 3325 1519 3384 absolvunt
1529 3328 1598 3384 sub·

259 3413 439 3488 negantium
461 3409 616 3468 sententia
636 3409 763 3468 videtur
777 3408 899 3468 verior:
955 3405 1035 3464 ditos
1065 3423 1133 3464 suos
1157 3405 1189 3463 in
1210 3405 1344 3464 dioecesi
1365 3405 1468 3464 aliena
1488 3404 1536 3484 (S.
1559 3407 1593 3466 Ο.

259 3492 383 3552 scilicet
406 3495 438 3549 ut
459 3490 527 3564 quis
549 3505 616 3548 eum
639 3487 780 3566 opinione
795 3490 902 3563 proba·
956 3485 1004 3554 0.,
1028 3483 1133 3542 3l)ee.
1153 3485 1242 3557 17073
1259 3487 1333 3544 Bon.
1351 3485 1435 3556 XIV,
1453 3485 1526 3544 Not.
1543 3487 1596 3556 86,

258 3571 316 3632 bili
340 3570 502 3629 absolvere
535 3567 652 3644 possit,
685 3569 903 3628 consuetudine
954 3563 997 3642 7).
1023 3567 1071 3622 An
1093 3563 1192 3640 igitur
1213 3565 1308 3623 etiam
1331 3564 1464 3641 simplex
1479 3565 1596 3626 confes·

258 3657 307 3711 est
338 3650 550 3710 introductum
579 3647 697 3727 (Suam,
730 3648 786 3716 24,
811 3645 901 3719 1,7;
955 3643 1057 3703 sarius
1071 3645 1169 3719 possit
1185 3644 1347 3704 absolvere
1361 3663 1430 3703 suos
1444 3647 1599 3705 dioecesa-

258 3735 355 3807 Lugo,
379 3727 466 3800 XXI,
482 3728 540 3801 313
564 3729 596 3787 S.
615 3727 721 3804 Alph,
739 3728 794 3799 Vl,
810 3725 901 3805 573),
955 3741 1008 3781 nos
1029 3729 1121 3783 extra
1142 3723 1328 3784 dioecesimtl
1343 3725 1454 3784 Plures
1468 3729 1597 3801 negant,

258 3829 333 3888 ergo
349 3811 424 3868 haec
441 3809 616 3868 iurisdictio
631 3826 669 3866 ex
685 3808 903 3868 consuetudine
957 3819 995 3860 ex
1017 3803 1195 3862 Pontifieiis
1216 3803 1496 3865 Constitutionibus
1517 3821 1595 3879 quae

258 3892 325 3967 ipsa
346 3890 551 3958 aestimanda,
575 3889 758 3946 consuetudo
775 3905 901 3946 veroex
957 3882 1131 3944 ordinarii
1160 3883 1222 3943 loci
1252 3885 1503 3959 approbationem
1531 3885 1598 3943 exi·

257 3972 321 4031 TT.
346 3968 525 4045 accipienda
545 3971 612 4027 est:
647 3987 704 4026 non
733 3969 815 4027 euim
838 3986 902 4026 mu·
957 3969 1033 4038 gunt
1052 3964 1104 4042 (V.
1130 3965 1162 4023 S.
1186 3964 1294 4040 Alph„
1316 3963 1371 4034 Vl,
1395 3963 1487 4044 548),
1511 3967 1543 4023 ot
1565 3965 1596 4023 111

258 4055 326 4111 tare
358 4047 605 4108 consuetudinem
635 4053 761 4123 possunt
783 4055 903 4106 sentcn-
956 4043 1486 4122 1111111161011101111,1011111.
1506 4042 1593 4104 1700.

257 4131 323 4190 tiae
353 4129 596 4204 Theologorum,
629 4127 680 4202 qui
709 4127 827 4204 placita
847 4145 903 4187 sua
957 4126 1086 4196 Quidam
1109 4124 1263 4183 affirmant
1284 4123 1403 4202 (Suam,
1420 4123 1470 4196 25,
1495 4123 1596 4198 1.17;

258 4209 418 4268 ediderunt
450 4212 611 4284 postquam
633 4208 692 4267 illa
713 4207 900 4268 obtinuerat.
957 4205 1089 4275 Sancb,
1112 4205 1173 4273 M„
1194 4203 1250 4272 ΙΙΙ,
1272 4205 1321 4275 24,
1338 4205 1374 4276 2;
1392 4205 1490 4280 Lago,
1507 4203 1596 4274 XIX,

260 4290 404 4349 Ceterum
426 4289 465 4348 V.
489 4287 507 4362 ἓ
531 4287 597 4347 161.
956 4289 987 4358 8;
1004 4283 1115 4355 salua,
1138 4285 1168 4356 6,
1186 4283 1307 4356 11‚55;
1325 4287 1491 4356 blazzotta,
1508 4285 1595 4362 Disp.

319 4367 384 4446 (17)
399 4370 436 4426 V.
453 4368 484 4427 S.
499 4368 607 4444 Alpa..
621 4365 676 4438 Vl,
690 4367 759 4427 431.
770 4369 813 4427 Ut
828 4371 902 4444 puta
957 4367 997 4437 II,
1021 4367 1114 4433 Quae.
1138 4365 1164 4438 Ι,
1189 4367 1261 4440 cap.
1279 4365 1309 4434 3,
1323 4366 1342 4438 ἓ
1358 4364 1385 4434 1,
1402 4383 1433 4422 v.
1450 4364 1598 4423 Dubium

260 4450 286 4510 si
308 4450 389 4508 alias
411 4448 605 4507 absolutione
626 4447 678 4505 diu
693 4447 722 4505 ei
737 4449 901 4506 carendum
955 4447 1023 4524 est).
1048 4447 1135 4504 Haec
1157 4445 1311 4504 sententia
1334 4446 1364 4502 in
1385 4449 1498 4520 puncto
1519 4445 1599 4504 iuris

260 4527 343 4588 foret
379 4529 410 4587 S.
435 4527 543 4602 Alph,
567 4525 650 4604 432).
955 4527 1034 4586 mihi
1054 4525 1159 4584 verior
1179 4531 1238 4596 est,
1262 4524 1334 4599 quia
1354 4525 1514 4600 delegatus
1536 4523 1597 4582 uti·

320 4609 372 4688 (18
406 4609 444 4667 V.
470 4607 502 4665 S.
527 4605 807 4683 Alph.,v1,432.
954 4611 1007 4668 tur
1038 4604 1250 4666 iurisdictione
1279 4604 1454 4682 delegantis
1480 4601 1596 4684 (Prol.,
