3576 5120
390 189 400 228 t

264 274 325 342 122
442 297 532 342 rosea
558 297 592 344 u.
611 314 632 326 ·
649 289 766 344 rarior.
792 300 814 344 r.
841 300 904 344 rrr.
932 300 953 344 r.
981 297 1019 344 os
1043 298 1206 346 resronun
1229 300 1448 346 ossunvasrra

262 393 316 466 vei
334 397 577 488 obtemperans
600 399 689 484 viro,
707 399 765 490 qui
781 401 865 469 alias
881 400 1034 489 graviter
1048 399 1256 470 irasceretur
1272 401 1342 489 (sed
1353 401 1433 472 vide
1450 407 1525 472 Par.
1545 407 1603 490 11,

261 503 349 588 595,
364 523 399 571 n.
415 505 462 590 2),
490 504 600 594 puella
625 525 670 576 ne
694 505 752 574 det
775 505 992 576 occasionem
1011 505 1175 596 peccandi
1193 505 1224 574 ei
1241 505 1301 598 qui
1317 526 1353 575 se
1368 506 1501 595 deperit
1517 507 1597 594 (26).

322 610 396 678 123.
424 612 473 680 td
499 613 583 682 haec
607 615 651 682 ab
674 621 833 704 utroque,
859 611 947 684 idest
969 619 1005 683 et
1027 635 1047 684 a
1072 613 1265 700 servilibus
1291 621 1326 684 et
1359 635 1380 682 a·
1409 635 1519 701 sacro,
1545 636 1605 685 ex·

262 723 386 786 eusant
409 720 619 788 cousuetudo
642 725 679 789 et
701 719 924 808 dispensatio.
956 723 1169 788 Consuetudo
1196 721 1279 809 (25)
1316 741 1360 790 ex
1391 721 1456 789 hoc
1480 721 1604 809 capite,

265 823 328 909 1⁰,
353 823 434 894 licet
458 825 530 892 iere
554 825 679 916 ubique
704 831 835 894 metere
858 831 1002 914 segetes,
1028 825 1140 913 legere
1156 845 1255 912 uvas,
1274 826 1457 916 decerpere
1473 829 1608 896 fructus

262 935 303 997 ut
325 929 530 1019 integriores
552 939 739 1002 serventur
757 934 843 1020 (26),
878 932 1021 1002 tondere
1053 933 1088 1000 in
1124 931 1266 1001 urbibus
1296 933 1455 1017 barbam,
1488 939 1523 1002 et
1550 953 1605 1002 ca·

261 1035 371 1126 pillos
390 1038 439 1107 2⁰.
461 1045 679 1108 {incusantur
694 1038 818 1108 alicubi
834 1058 991 1130 sponsae,
1005 1059 1106 1130 quae,
1126 1038 1181 1107 vel
1197 1037 1351 1108 instante
1367 1037 1605 1123 matrimonio,

263 1145 320 1214 vel
344 1145 387 1214 ah
411 1165 452 1215 eo
484 1146 669 1232 celebrato,
707 1147 799 1216 domi
836 1167 872 1216 se
907 1146 1090 1216 continent
1125 1145 1338 1237 aliquandiu,
1376 1145 1608 1216 verecundiae

262 1269 365 1320 causa
384 1252 464 1340 (27)
491 1251 652 1322 mutieres
668 1253 798 1322 dudum
814 1252 953 1336 enixae,
975 1273 1064 1344 quae
1081 1259 1158 1342 post
1174 1258 1338 1322 exactum
1354 1271 1490 1342 quoque
1506 1271 1605 1340 puer·

262 1355 398 1444 perium
422 1356 515 1426 domi
540 1356 734 1446 subsidunt;
759 1378 915 1449 quaeque
939 1355 1068 1444 virum,
1094 1359 1149 1426 vei
1186 1364 1333 1447 patrem,
1371 1359 1427 1426 vel
1462 1360 1606 1428 tratrem

188 1517 189 1520 ,
263 1463 395 1550 lugent,
410 1471 476 1532 etc.
498 1463 581 1550 (38);
606 1463 689 1533 dum
714 1484 758 1533 ne
782 1463 924 1533 interim
948 1463 1032 1533 alias
1062 1464 1165 1534 domo
1196 1461 1481 1550 excedamus),
1515 1483 1607 1533 neve

263 1577 430 1639 maneant
452 1569 593 1656 diutius,
618 1590 723 1662 quam
747 1573 837 1640 ierat
861 1590 942 1640 usus
961 1572 1042 1658 (56).
1067 1575 1228 1641 Ceterum
1252 1569 1521 1640 consuetudines
1541 1571 1604 1640 hu-

262 1675 409 1745 iusmodi
434 1677 605 1748 fovendae
628 1699 699 1747 non
724 1684 818 1764 sunt,
844 1678 903 1748 sed
930 1675 1038 1767 magis
1066 1679 1296 1764 coercendae,
1326 1699 1370 1746 ne
1401 1677 1504 1747 latius
1534 1697 1601 1747 ser·

262 1788 360 1871 pant,
374 1791 410 1851 et
421 1784 641 1854 observantia
654 1787 820 1854 festorum
835 1785 996 1868 intereat,
1011 1783 1100 1874 quod
1113 1784 1198 1853 scite
1212 1791 1435 1872 Laymannus
1451 1785 1607 1855 animad-

263 1889 381 1958 vertit.
408 1895 645 1980 Dtspeosotto:
672 1891 758 1962 haec
792 1891 865 1960 dari
899 1896 1013 1980 potest
1046 1892 1089 1960 ab
1125 1890 1303 1980 Episcopo,
1340 1891 1400 1960 sed
1435 1913 1480 1961 ex
1515 1891 1607 1962 iusta
1661 1879 1665 1890 '

252 2005 385 2068 causa:
424 1999 508 2068 alias
531 2000 567 2068 in
591 2001 689 2070 iestis
711 2021 794 2070 suae
817 1999 982 2069 dioecesis
1005 1999 1151 2089 propriis
1172 1997 1239 2069 erit
1261 1999 1394 2084 illicita,
1419 1999 1456 2068 in
1481 1999 1608 2070 ceteris

247 2104 373 2174 irrita.
401 2105 550 2174 Absente
576 2105 739 2196 Episcopo
762 2105 835 2176 dari
859 2112 1014 2198 potesta
1038 2106 1201 2194 parocho,
1231 2105 1339 2176 immo
1363 2112 1399 2176 et
1422 2113 1605 2196 praesente

267 2213 383 2300 (Prot,
407 2220 426 2293 ἓ
451 2213 541 2300 251),
568 2213 628 2281 sed
651 2213 800 2302 parcius,
826 2219 861 2280 et
884 2211 1027 2301 singulis
1050 2219 1187 2281 tanturn
1209 2213 1290 2302 (51).

326 2320 399 2387 129.
427 2317 509 2387 Heio
532 2317 661 2387 iuverit
691 2318 782 2388 circa
806 2318 965 2388 dominos
988 2323 1024 2386 et
1047 2318 1196 2387 famulos
1226 2317 1354 2410 aliquid
1378 2315 1514 2388 addere.
1543 2323 1608 2387 Do-

264 2423 370 2493 minis
393 2423 608 2513 permittitur
630 2444 675 2492 ex
706 2423 803 2511 gravi
839 2423 1046 2493 necessitate
1081 2423 1259 2513 imponere
1294 2410 1433 2494 famulis
1467 2423 1609 2494 servilia

264 2529 384 2600 diebus
408 2529 515 2616 iestis,
541 2551 666 2621 eosque
690 2551 788 2600 sacro
812 2529 993 2621 prohibere
1012 2532 1101 2621 (32);
1128 2531 1272 2623 ideoque
1297 2531 1436 2602 famulis
1466 2531 1548 2602 licet
1571 2537 1610 2602 et

264 2637 322 2707 ilia
346 2637 452 2722 obire,
479 2644 515 2706 et
538 2638 603 2706 hoc
627 2637 800 2708 abstinere
829 2639 912 2728 (35).
937 2638 1029 2708 Citra
1060 2639 1303 2708 necessitatem
1333 2647 1497 2708 neutrum
1525 2636 1611 2708 lieet

264 2742 426 2830 dominis;
453 2743 591 2813 iamuiis
614 2745 696 2813 licet
718 2751 918 2836 utrumque,
943 2744 972 2813 si
996 2744 1081 2814 alias
1105 2765 1209 2833 grate
1233 2745 1401 2814 damnum
1436 2743 1500 2811 sihi
1536 2765 1609 2814 me·

263 2857 379 2938 tuant,
400 2873 433 2920 r.
453 2873 498 2938 u,
517 2851 659 2938 dimitti,
679 2873 745 2922 nec
760 2853 843 2943 ipsis
858 2851 959 2922 facile
974 2851 1019 2921 sit
1031 2851 1136 2922 alium
1151 2852 1330 2922 dominum
1348 2851 1508 2922 invenire
1522 2853 1607 2940 (56).

263 2963 424 3028 Ceterum
449 2958 602 3048 parvitas
619 2959 785 3029 materiae
802 2959 1091 3060 excusat'nedum
1110 2960 1269 3044 famulae,
1283 2957 1342 3030 sed
1358 2963 1395 3027 et
1410 2957 1607 3046 dominum,

264 3063 400 3132 etiamsi
425 3063 453 3132 is
477 3067 590 3153 plures
616 3067 699 3150 (non
724 3067 886 3135 eumdem
911 3065 1065 3156 pluries),
1092 3087 1122 3132 e.
1142 3085 1190 3153 g,
1208 3071 1357 3155 quatuor
1371 3085 1415 3134 ex
1432 3064 1492 3150 eia,
1511 3065 1610 3155 operi

264 3167 448 3254 addixerit,
474 3170 637 3258 singulos,
664 3191 699 3240 v.
719 3190 766 3255 c.,
791 3193 853 3262 per
876 3171 1014 3241 horam:
1048 3169 1123 3240 sive
1158 3191 1228 3240 una
1261 3171 1376 3256 simul,
1413 3171 1503 3262 quod
1534 3174 1611 3242 iere

262 3296 385 3346 omnes
407 3277 555 3366 probant
573 3277 661 3364 (stu
687 3295 747 3346 seu
771 3278 979 3361 successive,
1016 3277 1106 3368 quod
1135 3283 1189 3345 est
1218 3277 1439 3347 communius
1459 3279 1542 3368 (56),
1571 3285 1609 3350 et

265 3381 381 3451 verius
407 3383 523 3468 (Prot,
550 3391 569 3464 ς
594 3385 686 3472 292).

265 3625 360 3677 mum,
384 3625 492 3683 pueros
513 3612 588 3678 etc,
612 3607 638 3664 si
660 3605 763 3682 plures
780 3604 908 3676 fuerint,
1022 3602 1088 3684 (28)
1110 3604 1214 3676 Suam,
1239 3606 1294 3664 cit.
1320 3605 1402 3664 Sect.
1428 3605 1467 3676 ὃς
1492 3604 1608 3676 Saltu,

265 3692 411 3749 tenentur
441 3687 624 3746 alternatim
652 3687 780 3746 missam
802 3684 910 3744 andire
938 3703 993 3760 ,n.
1011 3683 1062 3744 79.

264 3769 312 3848 (S.
330 3768 438 3844 Alpa,
465 3768 485 3826 l.
503 3765 557 3846 c).
583 3771 625 3824 At
646 3784 705 3824 non
727 3767 781 3824 sub
804 3766 908 3840 gravi,
1021 3762 1088 3840 (29)
1109 3764 1142 3824 S.
1166 3765 1274 3841 Alpa,
1298 3763 1356 3837 III,
1372 3765 1443 3826 330.

266 3859 300 3908 ut
321 3849 441 3924 opinor,
470 3845 542 3922 quia
573 3847 656 3905 inter·
683 3863 732 3904 me
753 3849 785 3905 et
805 3846 910 3922 proxi·
1021 3844 1087 3922 (30)
1108 3849 1236 3914 Bonae,
1254 3845 1286 3902 ir.
1304 3853 1339 3913 t.,
1361 3845 1448 3921 Disp.
1467 3848 1485 3903 4
1507 3843 1538 3902 iu
1555 3843 1604 3916 fl.,

264 3946 349 3988 mum
371 3930 489 3986 caritas
512 3931 565 3985 vix
589 3927 755 4002 distinguit
786 3926 907 4007 (croix,
962 3943 992 3984 n.
1010 3925 1060 3984 26.

265 4007 322 4078 ΙΙΙ,
335 4007 361 4076 I,
377 4006 461 4086 686).
1022 4004 1087 4084 (31)
1109 4006 1221 4075 Salm,
1238 4005 1288 4077 23,
1307 4003 1423 4076 1‚359;
1445 4005 1476 4063 S.
1496 4003 1609 4079 triph„

325 4087 389 4165 (24)
412 4088 523 4158 Salm.,
550 4089 580 4160 6,
597 4087 628 4158 6,
644 4087 694 4145 77.
728 4086 907 4156 Immotis,
962 4085 1018 4156 ΙΙΙ,
1035 4085 1105 4145 288.

266 4169 318 4228 vel
333 4175 383 4226 ter
397 4167 443 4244 (S.
462 4166 570 4244 Alpi„
587 4167 643 4238 ΙΙΙ,
661 4165 734 4246 331)
749 4169 909 4244 obligatur
1020 4165 1087 4244 (32)
1109 4167 1141 4227 S.
1166 4166 1275 4241 Alph,
1292 4163 1349 4234 III,
1367 4163 1437 4222 327.

264 4247 357 4328 (Vide
384 4250 457 4308 Par.
476 4248 530 4319 ΙΙ.,
548 4249 566 4323 ᾖ
581 4249 632 4316 91,
650 4267 679 4306 n.
700 4245 762 4326 18).
1020 4245 1087 4322 (33)
1108 4245 1220 4316 Salm,
1244 4247 1273 4316 5,
1296 4246 1327 4312 6,
1350 4243 1412 4316 27(
1437 4245 1469 4304 S.
1495 4241 1608 4319 Alpa,

326 4327 391 4406 (25)
413 4330 525 4398 sulm,
547 4329 598 4400 23,
617 4327 645 4398 Ι,
662 4327 731 4388 360.
748 4359 770 4373 -
782 4325 827 4384 Er
840 4330 909 4402 aos-
964 4327 1021 4384 loc.
1040 4329 1094 4386 cit.

265 4411 336 4488 ficit
355 4407 533 4484 probabilis
554 4409 754 4468 cousuetudo
783 4407 830 4486 (S.
855 4407 911 4468 ΑΙ·
1020 4407 1085 4486 (34)
1108 4407 1140 4466 S.
1158 4407 1266 4482 Alph,
1290 4403 1347 4477 111,
1364 4403 1435 4473 296,
1453 4403 1523 4463 327.

266 4490 373 4566 phun,
391 4489 447 4562 ΙΙΙ,
465 4489 549 4566 290).
1022 4485 1087 4564 (35)
1109 4487 1215 4558 Oroix,
1233 4485 1331 4558 111,1,
1355 4485 1424 4544 580.

326 4565 379 4647 (26
416 4570 574 4646 SrAlph.,
591 4567 648 4639 III,
665 4568 736 4628 298.
1022 4567 1088 4648 (36)
1111 4569 1143 4626 S.
1161 4567 1269 4643 Alpa,
1288 4565 1343 4636 ΙΙΙ,
1360 4565 1430 4636 306,
1448 4581 1477 4638 q.
1492 4563 1522 4622 2.

326 4649 376 4732 (27
414 4649 569 4722 Selm.,5,
586 4651 617 4722 6,
634 4647 683 4708 81.
