<?xml version="1.0" encoding="UTF-8"?>
<!DOCTYPE html PUBLIC "-//W3C//DTD XHTML 1.0 Transitional//EN"
    "http://www.w3.org/TR/xhtml1/DTD/xhtml1-transitional.dtd">
<html xmlns="http://www.w3.org/1999/xhtml" xml:lang="en" lang="en">
 <head>
  <title>
</title>
<meta http-equiv="Content-Type" content="text/html;charset=utf-8" />
  <meta name='ocr-system' content='tesseract 3.04.00' />
  <meta name='ocr-capabilities' content='ocr_page ocr_carea ocr_par ocr_line ocrx_word'/>
</head>
<body>
  <div class='ocr_page' id='page_1' title='image "./summulatheologi02annigoog_0284.png"; bbox 0 0 3594 5122; ppageno 0'>
   <div class='ocr_carea' id='block_1_1' title="bbox 281 215 1499 294">
    <p class='ocr_par' dir='ltr' id='par_1_1' title="bbox 281 215 1499 294">
     <span class='ocr_line' id='line_1_1' title="bbox 281 215 1499 294; baseline 0 -10"><span class='ocrx_word' id='word_1_1' title='bbox 281 215 347 284; x_wconf 80' lang='grc'><strong>280</strong></span> <span class='ocrx_word' id='word_1_2' title='bbox 412 235 502 282; x_wconf 80' lang='lat' dir='ltr'><strong>tinen</strong></span> <span class='ocrx_word' id='word_1_3' title='bbox 526 237 573 282; x_wconf 93' lang='grc' dir='ltr'><strong>ιιι.</strong></span> <span class='ocrx_word' id='word_1_4' title='bbox 592 251 613 264; x_wconf 86' lang='grc'><strong>-</strong></span> <span class='ocrx_word' id='word_1_5' title='bbox 628 237 744 283; x_wconf 78' lang='lat' dir='ltr'><strong>rnacr.</strong></span> <span class='ocrx_word' id='word_1_6' title='bbox 772 238 818 283; x_wconf 94' lang='grc' dir='ltr'><strong>ιιι.</strong></span> <span class='ocrx_word' id='word_1_7' title='bbox 844 239 908 286; x_wconf 82' lang='grc' dir='ltr'><strong>ιιι.</strong></span> <span class='ocrx_word' id='word_1_8' title='bbox 935 241 956 285; x_wconf 94' lang='grc' dir='ltr'><strong>ι.</strong></span> <span class='ocrx_word' id='word_1_9' title='bbox 983 239 1023 284; x_wconf 83' lang='lat' dir='ltr'><strong>ex</strong></span> <span class='ocrx_word' id='word_1_10' title='bbox 1046 238 1157 294; x_wconf 82' lang='lat' dir='ltr'><strong>oureus</strong></span> <span class='ocrx_word' id='word_1_11' title='bbox 1181 239 1304 286; x_wconf 75' lang='lat' dir='ltr'><strong>rossia.</strong></span> <span class='ocrx_word' id='word_1_12' title='bbox 1330 239 1499 285; x_wconf 77' lang='lat' dir='ltr'><strong>cousrsrar</strong></span> 
     </span>
    </p>
   </div>
   <div class='ocr_carea' id='block_1_2' title="bbox 281 333 1624 1275">
    <p class='ocr_par' dir='ltr' id='par_1_2' title="bbox 281 333 1622 960">
     <span class='ocr_line' id='line_1_2' title="bbox 282 333 1619 426; baseline 0.004 -24"><span class='ocrx_word' id='word_1_13' title='bbox 282 354 377 402; x_wconf 92' lang='lat' dir='ltr'><strong>nunc</strong></span> <span class='ocrx_word' id='word_1_14' title='bbox 400 339 539 423; x_wconf 90' lang='lat' dir='ltr'><strong>recepta</strong></span> <span class='ocrx_word' id='word_1_15' title='bbox 558 335 646 424; x_wconf 77' lang='grc'>(26),</span> <span class='ocrx_word' id='word_1_16' title='bbox 672 333 747 405; x_wconf 90' lang='lat' dir='ltr'><strong>sive</strong></span> <span class='ocrx_word' id='word_1_17' title='bbox 770 335 868 426; x_wconf 80' lang='lat' dir='ltr'>quasi</span> <span class='ocrx_word' id='word_1_18' title='bbox 891 335 1083 426; x_wconf 82' lang='lat' dir='ltr'><strong>simplicem</strong></span> <span class='ocrx_word' id='word_1_19' title='bbox 1106 337 1371 423; x_wconf 86' lang='lat' dir='ltr'><strong>confessarium,</strong></span> <span class='ocrx_word' id='word_1_20' title='bbox 1386 342 1425 404; x_wconf 90' lang='lat' dir='ltr'><strong>ut</strong></span> <span class='ocrx_word' id='word_1_21' title='bbox 1441 335 1619 408; x_wconf 87' lang='lat' dir='ltr'><strong>conliterc-</strong></span> 
     </span>
     <span class='ocr_line' id='line_1_3' title="bbox 281 442 1619 533; baseline 0.003 -22"><span class='ocrx_word' id='word_1_22' title='bbox 281 449 351 528; x_wconf 88' lang='lat' dir='ltr'><strong>tur,</strong></span> <span class='ocrx_word' id='word_1_23' title='bbox 376 463 464 533; x_wconf 89' lang='lat' dir='ltr'><strong>quae</strong></span> <span class='ocrx_word' id='word_1_24' title='bbox 489 442 775 512; x_wconf 82' lang='lat' dir='ltr'><strong>communissima</strong></span> <span class='ocrx_word' id='word_1_25' title='bbox 791 444 858 530; x_wconf 77' lang='grc'>(27)</span> <span class='ocrx_word' id='word_1_26' title='bbox 877 443 1050 514; x_wconf 89' lang='lat' dir='ltr'><strong>sententia</strong></span> <span class='ocrx_word' id='word_1_27' title='bbox 1067 450 1137 530; x_wconf 88' lang='lat' dir='ltr'><strong>est;</strong></span> <span class='ocrx_word' id='word_1_28' title='bbox 1155 444 1312 533; x_wconf 88' lang='lat' dir='ltr'><strong>exceptis</strong></span> <span class='ocrx_word' id='word_1_29' title='bbox 1329 444 1394 530; x_wconf 78' lang='lat' dir='ltr'><strong>Iria,</strong></span> <span class='ocrx_word' id='word_1_30' title='bbox 1412 463 1501 530; x_wconf 81' lang='lat' dir='ltr'><strong>quae</strong></span> <span class='ocrx_word' id='word_1_31' title='bbox 1518 447 1619 515; x_wconf 91' lang='lat' dir='ltr'><strong>sacri·</strong></span> 
     </span>
     <span class='ocr_line' id='line_1_4' title="bbox 281 547 1621 640; baseline 0.006 -24"><span class='ocrx_word' id='word_1_32' title='bbox 281 549 355 638; x_wconf 82' lang='lat' dir='ltr'><strong>lege</strong></span> <span class='ocrx_word' id='word_1_33' title='bbox 389 547 641 638; x_wconf 81' lang='lat' dir='ltr'><strong>praetermisit,</strong></span> <span class='ocrx_word' id='word_1_34' title='bbox 678 571 722 618; x_wconf 93' lang='lat' dir='ltr'><strong>ne</strong></span> <span class='ocrx_word' id='word_1_35' title='bbox 746 551 778 618; x_wconf 89' lang='lat' dir='ltr'><strong>ei</strong></span> <span class='ocrx_word' id='word_1_36' title='bbox 803 551 897 619; x_wconf 82' lang='lat' dir='ltr'><strong>fraus</strong></span> <span class='ocrx_word' id='word_1_37' title='bbox 920 569 981 620; x_wconf 93' lang='lat' dir='ltr'><strong>sua</strong></span> <span class='ocrx_word' id='word_1_38' title='bbox 1006 550 1051 620; x_wconf 93' lang='lat' dir='ltr'><strong>sit</strong></span> <span class='ocrx_word' id='word_1_39' title='bbox 1074 552 1207 620; x_wconf 90' lang='lat' dir='ltr'><strong>lucrosa</strong></span> <span class='ocrx_word' id='word_1_40' title='bbox 1235 551 1317 640; x_wconf 79' lang='grc'>(28).</span> <span class='ocrx_word' id='word_1_41' title='bbox 1344 553 1489 634; x_wconf 80' lang='lat' dir='ltr'><strong>Quando</strong></span> <span class='ocrx_word' id='word_1_42' title='bbox 1512 563 1621 624; x_wconf 88' lang='lat' dir='ltr'><strong>cesset</strong></span> 
     </span>
     <span class='ocr_line' id='line_1_5' title="bbox 282 653 1621 747; baseline 0.004 -24"><span class='ocrx_word' id='word_1_43' title='bbox 282 653 472 737; x_wconf 84' lang='lat' dir='ltr'><strong>reservatio</strong></span> <span class='ocrx_word' id='word_1_44' title='bbox 505 655 576 723; x_wconf 89' lang='lat' dir='ltr'><strong>dixi</strong></span> <span class='ocrx_word' id='word_1_45' title='bbox 610 655 646 724; x_wconf 95' lang='lat' dir='ltr'><strong>in</strong></span> <span class='ocrx_word' id='word_1_46' title='bbox 671 655 937 744; x_wconf 79' lang='lat' dir='ltr'><strong>Prolegomenis.</strong></span> <span class='ocrx_word' id='word_1_47' title='bbox 966 663 1069 728; x_wconf 86' lang='lat' dir='ltr'><strong>Porro</strong></span> <span class='ocrx_word' id='word_1_48' title='bbox 1091 657 1268 727; x_wconf 85' lang='lat' dir='ltr'><strong>absolutus</strong></span> <span class='ocrx_word' id='word_1_49' title='bbox 1291 679 1311 727; x_wconf 89' lang='lat' dir='ltr'><strong>a</strong></span> <span class='ocrx_word' id='word_1_50' title='bbox 1336 657 1487 747; x_wconf 88' lang='lat' dir='ltr'><strong>peccatis</strong></span> <span class='ocrx_word' id='word_1_51' title='bbox 1516 679 1621 728; x_wconf 87' lang='lat' dir='ltr'><strong>reser-</strong></span> 
     </span>
     <span class='ocr_line' id='line_1_6' title="bbox 283 759 1622 856; baseline 0.001 -26"><span class='ocrx_word' id='word_1_52' title='bbox 283 761 373 830; x_wconf 93' lang='lat' dir='ltr'><strong>vatis</strong></span> <span class='ocrx_word' id='word_1_53' title='bbox 397 761 434 830; x_wconf 94' lang='lat' dir='ltr'><strong>in</strong></span> <span class='ocrx_word' id='word_1_54' title='bbox 458 759 603 830; x_wconf 84' lang='lat' dir='ltr'><strong>articulo</strong></span> <span class='ocrx_word' id='word_1_55' title='bbox 637 762 780 846; x_wconf 92' lang='lat' dir='ltr'><strong>mortis,</strong></span> <span class='ocrx_word' id='word_1_56' title='bbox 806 764 833 832; x_wconf 92' lang='lat' dir='ltr'><strong>si</strong></span> <span class='ocrx_word' id='word_1_57' title='bbox 859 769 976 852; x_wconf 89' lang='lat' dir='ltr'><strong>postea</strong></span> <span class='ocrx_word' id='word_1_58' title='bbox 1007 765 1244 848; x_wconf 84' lang='lat' dir='ltr'><strong>convaluerit,</strong></span> <span class='ocrx_word' id='word_1_59' title='bbox 1270 785 1341 834; x_wconf 94' lang='lat' dir='ltr'><strong>non</strong></span> <span class='ocrx_word' id='word_1_60' title='bbox 1371 771 1512 834; x_wconf 90' lang='lat' dir='ltr'><strong>tenetur</strong></span> <span class='ocrx_word' id='word_1_61' title='bbox 1545 764 1622 856; x_wconf 90' lang='lat' dir='ltr'><strong>(nisi</strong></span> 
     </span>
     <span class='ocr_line' id='line_1_7' title="bbox 283 866 1391 960; baseline 0.001 -24"><span class='ocrx_word' id='word_1_62' title='bbox 283 869 372 936; x_wconf 83' lang='lat' dir='ltr'><strong>torte</strong></span> <span class='ocrx_word' id='word_1_63' title='bbox 396 866 446 936; x_wconf 90' lang='lat' dir='ltr'><strong>eis</strong></span> <span class='ocrx_word' id='word_1_64' title='bbox 469 867 541 936; x_wconf 88' lang='lat' dir='ltr'><strong>sint</strong></span> <span class='ocrx_word' id='word_1_65' title='bbox 563 867 721 938; x_wconf 86' lang='lat' dir='ltr'><strong>adnexae</strong></span> <span class='ocrx_word' id='word_1_66' title='bbox 746 872 925 958; x_wconf 84' lang='lat' dir='ltr'><strong>censurae)</strong></span> <span class='ocrx_word' id='word_1_67' title='bbox 952 869 1164 960; x_wconf 88' lang='lat' dir='ltr'><strong>superiorem</strong></span> <span class='ocrx_word' id='word_1_68' title='bbox 1189 869 1284 938; x_wconf 89' lang='lat' dir='ltr'><strong>adire</strong></span> <span class='ocrx_word' id='word_1_69' title='bbox 1311 870 1391 960; x_wconf 74' lang='grc'>(29).</span> 
     </span>
    </p>

    <p class='ocr_par' dir='ltr' id='par_1_3' title="bbox 282 974 1624 1275">
     <span class='ocr_line' id='line_1_8' title="bbox 350 974 1623 1064; baseline 0 -22"><span class='ocrx_word' id='word_1_70' title='bbox 350 974 426 1042; x_wconf 71' lang='lat' dir='ltr'><strong>itt.</strong></span> <span class='ocrx_word' id='word_1_71' title='bbox 453 977 630 1042; x_wconf 82' lang='lat' dir='ltr'><strong>Hactenus</strong></span> <span class='ocrx_word' id='word_1_72' title='bbox 653 974 694 1044; x_wconf 92' lang='lat' dir='ltr'><strong>de</strong></span> <span class='ocrx_word' id='word_1_73' title='bbox 719 975 869 1064; x_wconf 71' lang='lat' dir='ltr'><strong>peccatu</strong></span> <span class='ocrx_word' id='word_1_74' title='bbox 894 975 1080 1044; x_wconf 89' lang='lat' dir='ltr'><strong>reservatis</strong></span> <span class='ocrx_word' id='word_1_75' title='bbox 1103 981 1139 1043; x_wconf 89' lang='lat' dir='ltr'><strong>et</strong></span> <span class='ocrx_word' id='word_1_76' title='bbox 1162 983 1233 1044; x_wconf 83' lang='lat' dir='ltr'><strong>non</strong></span> <span class='ocrx_word' id='word_1_77' title='bbox 1257 974 1461 1044; x_wconf 86' lang='lat' dir='ltr'><strong>reservatis:</strong></span> <span class='ocrx_word' id='word_1_78' title='bbox 1479 975 1623 1044; x_wconf 90' lang='lat' dir='ltr'><strong>adhaec</strong></span> 
     </span>
     <span class='ocr_line' id='line_1_9' title="bbox 282 1077 1619 1173; baseline 0.001 -24"><span class='ocrx_word' id='word_1_79' title='bbox 282 1085 365 1150; x_wconf 90' lang='lat' dir='ltr'><strong>sunt</strong></span> <span class='ocrx_word' id='word_1_80' title='bbox 388 1085 423 1148; x_wconf 87' lang='lat' dir='ltr'><strong>et</strong></span> <span class='ocrx_word' id='word_1_81' title='bbox 446 1077 511 1147; x_wconf 91' lang='lat' dir='ltr'><strong>alia</strong></span> <span class='ocrx_word' id='word_1_82' title='bbox 536 1080 604 1149; x_wconf 95' lang='lat' dir='ltr'><strong>duo</strong></span> <span class='ocrx_word' id='word_1_83' title='bbox 627 1102 716 1172; x_wconf 87' lang='lat' dir='ltr'><strong>quae</strong></span> <span class='ocrx_word' id='word_1_84' title='bbox 740 1088 967 1173; x_wconf 87' lang='lat' dir='ltr'><strong>utrorumque</strong></span> <span class='ocrx_word' id='word_1_85' title='bbox 992 1081 1122 1150; x_wconf 87' lang='lat' dir='ltr'><strong>hahent</strong></span> <span class='ocrx_word' id='word_1_86' title='bbox 1144 1080 1283 1172; x_wconf 88' lang='lat' dir='ltr'><strong>aliquid.</strong></span> <span class='ocrx_word' id='word_1_87' title='bbox 1319 1081 1473 1152; x_wconf 88' lang='lat' dir='ltr'><strong>Primum</strong></span> <span class='ocrx_word' id='word_1_88' title='bbox 1497 1089 1550 1150; x_wconf 90' lang='lat' dir='ltr'><strong>est</strong></span> <span class='ocrx_word' id='word_1_89' title='bbox 1564 1081 1619 1150; x_wconf 90' lang='lat' dir='ltr'><strong>de-</strong></span> 
     </span>
     <span class='ocr_line' id='line_1_10' title="bbox 282 1185 1624 1275; baseline -0.001 -18"><span class='ocrx_word' id='word_1_90' title='bbox 282 1189 404 1258; x_wconf 82' lang='lat' dir='ltr'><strong>ltctum</strong></span> <span class='ocrx_word' id='word_1_91' title='bbox 428 1185 605 1274; x_wconf 88' lang='lat' dir='ltr'><strong>complicis</strong></span> <span class='ocrx_word' id='word_1_92' title='bbox 630 1187 665 1256; x_wconf 94' lang='lat' dir='ltr'><strong>in</strong></span> <span class='ocrx_word' id='word_1_93' title='bbox 686 1197 826 1275; x_wconf 88' lang='lat' dir='ltr'><strong>peccato</strong></span> <span class='ocrx_word' id='word_1_94' title='bbox 851 1191 948 1275; x_wconf 80' lang='lat' dir='ltr'><strong>turpi</strong></span> <span class='ocrx_word' id='word_1_95' title='bbox 970 1196 1002 1255; x_wconf 86' lang='lat' dir='ltr'><strong>et</strong></span> <span class='ocrx_word' id='word_1_96' title='bbox 1025 1187 1206 1256; x_wconf 81' lang='lat' dir='ltr'><strong>inhonesto</strong></span> <span class='ocrx_word' id='word_1_97' title='bbox 1229 1197 1354 1259; x_wconf 83' lang='lat' dir='ltr'><strong>contra</strong></span> <span class='ocrx_word' id='word_1_98' title='bbox 1377 1195 1533 1257; x_wconf 77' lang='lat' dir='ltr'><strong>sectata:</strong></span> <span class='ocrx_word' id='word_1_99' title='bbox 1562 1189 1624 1258; x_wconf 87' lang='lat' dir='ltr'><strong>lru-</strong></span> 
     </span>
    </p>
   </div>
   <div class='ocr_carea' id='block_1_3' title="bbox 284 1292 1752 1386">
    <p class='ocr_par' dir='ltr' id='par_1_4' title="bbox 284 1292 1752 1386">
     <span class='ocr_line' id='line_1_11' title="bbox 284 1292 1752 1386; baseline 0.003 -26"><span class='ocrx_word' id='word_1_100' title='bbox 284 1292 338 1362; x_wconf 89' lang='lat' dir='ltr'><strong>ius</strong></span> <span class='ocrx_word' id='word_1_101' title='bbox 372 1293 573 1363; x_wconf 89' lang='lat' dir='ltr'><strong>absolvendi</strong></span> <span class='ocrx_word' id='word_1_102' title='bbox 609 1297 761 1384; x_wconf 87' lang='lat' dir='ltr'><strong>potestas</strong></span> <span class='ocrx_word' id='word_1_103' title='bbox 796 1293 954 1384; x_wconf 92' lang='lat' dir='ltr'><strong>complici</strong></span> <span class='ocrx_word' id='word_1_104' title='bbox 990 1294 1151 1383; x_wconf 89' lang='lat' dir='ltr'><strong>adempta</strong></span> <span class='ocrx_word' id='word_1_105' title='bbox 1186 1301 1251 1378; x_wconf 90' lang='lat' dir='ltr'><strong>est,</strong></span> <span class='ocrx_word' id='word_1_106' title='bbox 1277 1294 1356 1364; x_wconf 92' lang='lat' dir='ltr'><strong>ideo</strong></span> <span class='ocrx_word' id='word_1_107' title='bbox 1376 1297 1488 1386; x_wconf 91' lang='lat' dir='ltr'><strong>quoad</strong></span> <span class='ocrx_word' id='word_1_108' title='bbox 1511 1295 1625 1385; x_wconf 91' lang='lat' dir='ltr'><strong>ipsum</strong></span> <span class='ocrx_word' id='word_1_109' title='bbox 1750 1297 1752 1350; x_wconf 73' lang='lat' dir='ltr'><strong>i</strong></span> 
     </span>
    </p>
   </div>
   <div class='ocr_carea' id='block_1_4' title="bbox 285 1371 1752 1598">
    <p class='ocr_par' dir='ltr' id='par_1_5' title="bbox 285 1371 1752 1598">
     <span class='ocr_line' id='line_1_12' title="bbox 286 1371 1752 1490; baseline 0 -22"><span class='ocrx_word' id='word_1_110' title='bbox 286 1401 453 1469; x_wconf 90' lang='lat' dir='ltr'><strong>reservati</strong></span> <span class='ocrx_word' id='word_1_111' title='bbox 478 1401 589 1470; x_wconf 88' lang='lat' dir='ltr'><strong>instar</strong></span> <span class='ocrx_word' id='word_1_112' title='bbox 613 1406 665 1468; x_wconf 85' lang='lat' dir='ltr'><strong>est</strong></span> <span class='ocrx_word' id='word_1_113' title='bbox 684 1401 765 1488; x_wconf 81' lang='grc'>(50).</span> <span class='ocrx_word' id='word_1_114' title='bbox 794 1405 938 1468; x_wconf 85' lang='lat' dir='ltr'><strong>Peccata</strong></span> <span class='ocrx_word' id='word_1_115' title='bbox 963 1401 1089 1488; x_wconf 88' lang='lat' dir='ltr'><strong>turpia,</strong></span> <span class='ocrx_word' id='word_1_116' title='bbox 1115 1399 1205 1485; x_wconf 91' lang='lat' dir='ltr'><strong>heic,</strong></span> <span class='ocrx_word' id='word_1_117' title='bbox 1231 1405 1314 1468; x_wconf 91' lang='lat' dir='ltr'><strong>sunt</strong></span> <span class='ocrx_word' id='word_1_118' title='bbox 1336 1401 1452 1470; x_wconf 91' lang='lat' dir='ltr'><strong>omnia</strong></span> <span class='ocrx_word' id='word_1_119' title='bbox 1485 1407 1627 1490; x_wconf 87' lang='lat' dir='ltr'><strong>peccata</strong></span> <span class='ocrx_word' id='word_1_120' title='bbox 1750 1371 1752 1384; x_wconf 21' lang='grc' dir='ltr'><em>Α</em></span> 
     </span>
     <span class='ocr_line' id='line_1_13' title="bbox 285 1505 1627 1598; baseline 0 -24"><span class='ocrx_word' id='word_1_121' title='bbox 285 1507 404 1594; x_wconf 80' lang='lat' dir='ltr'><strong>gravia</strong></span> <span class='ocrx_word' id='word_1_122' title='bbox 427 1514 463 1576; x_wconf 89' lang='lat' dir='ltr'><strong>et</strong></span> <span class='ocrx_word' id='word_1_123' title='bbox 485 1508 639 1577; x_wconf 88' lang='lat' dir='ltr'><strong>exterius</strong></span> <span class='ocrx_word' id='word_1_124' title='bbox 666 1512 910 1575; x_wconf 92' lang='lat' dir='ltr'><strong>consummata</strong></span> <span class='ocrx_word' id='word_1_125' title='bbox 933 1511 1055 1576; x_wconf 88' lang='lat' dir='ltr'><strong>contra</strong></span> <span class='ocrx_word' id='word_1_126' title='bbox 1079 1505 1289 1591; x_wconf 84' lang='lat' dir='ltr'><strong>castitatem,</strong></span> <span class='ocrx_word' id='word_1_127' title='bbox 1315 1513 1475 1594; x_wconf 86' lang='lat' dir='ltr'><strong>aspectus</strong></span> <span class='ocrx_word' id='word_1_128' title='bbox 1490 1525 1627 1598; x_wconf 88' lang='lat' dir='ltr'><strong>quoque</strong></span> 
     </span>
    </p>
   </div>
   <div class='ocr_carea' id='block_1_5' title="bbox 267 1611 1752 2234">
    <p class='ocr_par' dir='ltr' id='par_1_6' title="bbox 267 1611 1752 2234">
     <span class='ocr_line' id='line_1_14' title="bbox 267 1611 1752 1706; baseline -0.001 -24"><span class='ocrx_word' id='word_1_129' title='bbox 267 1620 322 1682; x_wconf 79' lang='lat' dir='ltr'><strong>et</strong></span> <span class='ocrx_word' id='word_1_130' title='bbox 344 1614 513 1704; x_wconf 70' lang='lat' dir='ltr'><strong>colloquias</strong></span> <span class='ocrx_word' id='word_1_131' title='bbox 540 1615 622 1702; x_wconf 79' lang='grc'>(51).</span> <span class='ocrx_word' id='word_1_132' title='bbox 661 1611 870 1701; x_wconf 86' lang='lat' dir='ltr'><strong>Complicem</strong></span> <span class='ocrx_word' id='word_1_133' title='bbox 907 1633 990 1680; x_wconf 89' lang='lat' dir='ltr'><strong>vcro</strong></span> <span class='ocrx_word' id='word_1_134' title='bbox 1013 1611 1171 1701; x_wconf 89' lang='lat' dir='ltr'><strong>accipere</strong></span> <span class='ocrx_word' id='word_1_135' title='bbox 1194 1613 1359 1682; x_wconf 89' lang='lat' dir='ltr'><strong>debemus</strong></span> <span class='ocrx_word' id='word_1_136' title='bbox 1381 1617 1512 1682; x_wconf 83' lang='lat' dir='ltr'><strong>sociam</strong></span> <span class='ocrx_word' id='word_1_137' title='bbox 1532 1613 1626 1700; x_wconf 74' lang='grc'>(52);</span> <span class='ocrx_word' id='word_1_138' title='bbox 1741 1621 1752 1706; x_wconf 60' lang='lat' dir='ltr'><strong>J</strong></span> 
     </span>
     <span class='ocr_line' id='line_1_15' title="bbox 285 1705 1752 1810; baseline 0 -24"><span class='ocrx_word' id='word_1_139' title='bbox 285 1718 429 1808; x_wconf 92' lang='lat' dir='ltr'><strong>proinde</strong></span> <span class='ocrx_word' id='word_1_140' title='bbox 453 1739 593 1788; x_wconf 90' lang='lat' dir='ltr'><strong>necesse</strong></span> <span class='ocrx_word' id='word_1_141' title='bbox 616 1725 733 1788; x_wconf 89' lang='lat' dir='ltr'><strong>estut</strong></span> <span class='ocrx_word' id='word_1_142' title='bbox 756 1723 938 1808; x_wconf 88' lang='lat' dir='ltr'><strong>peccatum</strong></span> <span class='ocrx_word' id='word_1_143' title='bbox 963 1717 1153 1788; x_wconf 88' lang='lat' dir='ltr'><strong>admissum</strong></span> <span class='ocrx_word' id='word_1_144' title='bbox 1178 1719 1295 1802; x_wconf 83' lang='lat' dir='ltr'><strong>luerit,</strong></span> <span class='ocrx_word' id='word_1_145' title='bbox 1321 1721 1467 1810; x_wconf 89' lang='lat' dir='ltr'><strong>utroque</strong></span> <span class='ocrx_word' id='word_1_146' title='bbox 1483 1737 1629 1788; x_wconf 87' lang='lat' dir='ltr'><strong>consen·</strong></span> <span class='ocrx_word' id='word_1_147' title='bbox 1751 1705 1752 1776; x_wconf 68' lang='grc' dir='ltr'>ἶ</span> 
     </span>
     <span class='ocr_line' id='line_1_16' title="bbox 285 1823 1752 1914; baseline -0.001 -20"><span class='ocrx_word' id='word_1_148' title='bbox 285 1825 395 1895; x_wconf 88' lang='lat' dir='ltr'><strong>tienie</strong></span> <span class='ocrx_word' id='word_1_149' title='bbox 415 1827 498 1911; x_wconf 86' lang='grc'>(55),</span> <span class='ocrx_word' id='word_1_150' title='bbox 525 1825 589 1893; x_wconf 89' lang='lat' dir='ltr'><strong>etsi</strong></span> <span class='ocrx_word' id='word_1_151' title='bbox 614 1843 683 1894; x_wconf 94' lang='lat' dir='ltr'><strong>non</strong></span> <span class='ocrx_word' id='word_1_152' title='bbox 707 1831 855 1914; x_wconf 86' lang='lat' dir='ltr'><strong>utroque</strong></span> <span class='ocrx_word' id='word_1_153' title='bbox 880 1830 1038 1913; x_wconf 90' lang='lat' dir='ltr'><strong>patrante</strong></span> <span class='ocrx_word' id='word_1_154' title='bbox 1057 1825 1139 1912; x_wconf 73' lang='grc'>(54).</span> <span class='ocrx_word' id='word_1_155' title='bbox 1167 1825 1251 1893; x_wconf 90' lang='lat' dir='ltr'><strong>Illud</strong></span> <span class='ocrx_word' id='word_1_156' title='bbox 1275 1846 1346 1894; x_wconf 93' lang='lat' dir='ltr'><strong>non</strong></span> <span class='ocrx_word' id='word_1_157' title='bbox 1371 1825 1516 1894; x_wconf 87' lang='lat' dir='ltr'><strong>interest</strong></span> <span class='ocrx_word' id='word_1_158' title='bbox 1530 1824 1631 1894; x_wconf 90' lang='lat' dir='ltr'><strong>cuius</strong></span> <span class='ocrx_word' id='word_1_159' title='bbox 1751 1823 1752 1862; x_wconf 40' lang='grc' dir='ltr'>Ι</span> 
     </span>
     <span class='ocr_line' id='line_1_17' title="bbox 287 1931 1630 2022; baseline -0.001 -20"><span class='ocrx_word' id='word_1_160' title='bbox 287 1951 391 2002; x_wconf 89' lang='lat' dir='ltr'><strong>sexus</strong></span> <span class='ocrx_word' id='word_1_161' title='bbox 415 1933 520 2002; x_wconf 90' lang='lat' dir='ltr'><strong>luerit</strong></span> <span class='ocrx_word' id='word_1_162' title='bbox 543 1932 701 2020; x_wconf 86' lang='lat' dir='ltr'><strong>complex</strong></span> <span class='ocrx_word' id='word_1_163' title='bbox 722 1931 803 2018; x_wconf 85' lang='grc'>(55),</span> <span class='ocrx_word' id='word_1_164' title='bbox 830 1931 886 1999; x_wconf 90' lang='lat' dir='ltr'><strong>vel</strong></span> <span class='ocrx_word' id='word_1_165' title='bbox 910 1937 1028 1999; x_wconf 88' lang='lat' dir='ltr'><strong>utrum</strong></span> <span class='ocrx_word' id='word_1_166' title='bbox 1052 1933 1284 2002; x_wconf 84' lang='lat' dir='ltr'><strong>confessarius</strong></span> <span class='ocrx_word' id='word_1_167' title='bbox 1307 1953 1388 2002; x_wconf 91' lang='lat' dir='ltr'><strong>cum</strong></span> <span class='ocrx_word' id='word_1_168' title='bbox 1405 1954 1446 2002; x_wconf 91' lang='lat' dir='ltr'><strong>eo</strong></span> <span class='ocrx_word' id='word_1_169' title='bbox 1462 1951 1630 2022; x_wconf 77' lang='lat' dir='ltr'><strong>peccave·</strong></span> 
     </span>
     <span class='ocr_line' id='line_1_18' title="bbox 287 2035 1752 2129; baseline -0.001 -23"><span class='ocrx_word' id='word_1_170' title='bbox 287 2038 334 2107; x_wconf 87' lang='lat' dir='ltr'><strong>rit</strong></span> <span class='ocrx_word' id='word_1_171' title='bbox 367 2039 479 2107; x_wconf 85' lang='lat' dir='ltr'><strong>adhuc</strong></span> <span class='ocrx_word' id='word_1_172' title='bbox 514 2036 623 2107; x_wconf 89' lang='lat' dir='ltr'><strong>laicus</strong></span> <span class='ocrx_word' id='word_1_173' title='bbox 649 2037 741 2125; x_wconf 78' lang='grc'>(56).</span> <span class='ocrx_word' id='word_1_174' title='bbox 786 2039 843 2106; x_wconf 90' lang='lat' dir='ltr'><strong>lex</strong></span> <span class='ocrx_word' id='word_1_175' title='bbox 878 2057 947 2106; x_wconf 90' lang='lat' dir='ltr'><strong>uon</strong></span> <span class='ocrx_word' id='word_1_176' title='bbox 985 2037 1177 2126; x_wconf 77' lang='lat' dir='ltr'><strong>distinguit.</strong></span> <span class='ocrx_word' id='word_1_177' title='bbox 1205 2044 1323 2129; x_wconf 84' lang='lat' dir='ltr'><strong>ltaque</strong></span> <span class='ocrx_word' id='word_1_178' title='bbox 1347 2039 1375 2107; x_wconf 93' lang='lat' dir='ltr'><strong>si</strong></span> <span class='ocrx_word' id='word_1_179' title='bbox 1399 2035 1631 2107; x_wconf 82' lang='lat' dir='ltr'><strong>confessarius</strong></span> <span class='ocrx_word' id='word_1_180' title='bbox 1751 2091 1752 2114; x_wconf 49' lang='lat'>2</span> 
     </span>
     <span class='ocr_line' id='line_1_19' title="bbox 288 2131 1752 2234; baseline -0.003 -21"><span class='ocrx_word' id='word_1_181' title='bbox 288 2143 492 2234; x_wconf 87' lang='lat' dir='ltr'><strong>complicem</strong></span> <span class='ocrx_word' id='word_1_182' title='bbox 528 2141 689 2228; x_wconf 85' lang='lat' dir='ltr'><strong>absolvit,</strong></span> <span class='ocrx_word' id='word_1_183' title='bbox 727 2147 762 2210; x_wconf 90' lang='lat' dir='ltr'><strong>et</strong></span> <span class='ocrx_word' id='word_1_184' title='bbox 786 2144 952 2212; x_wconf 82' lang='lat' dir='ltr'><strong>absolutio</strong></span> <span class='ocrx_word' id='word_1_185' title='bbox 977 2143 1105 2212; x_wconf 87' lang='lat' dir='ltr'><strong>nullius</strong></span> <span class='ocrx_word' id='word_1_186' title='bbox 1129 2143 1299 2213; x_wconf 88' lang='lat' dir='ltr'><strong>momenti</strong></span> <span class='ocrx_word' id='word_1_187' title='bbox 1323 2151 1387 2229; x_wconf 90' lang='lat' dir='ltr'><strong>est,</strong></span> <span class='ocrx_word' id='word_1_188' title='bbox 1413 2145 1494 2214; x_wconf 86' lang='lat' dir='ltr'><strong>lIcet</strong></span> <span class='ocrx_word' id='word_1_189' title='bbox 1517 2141 1628 2212; x_wconf 85' lang='lat' dir='ltr'><strong>absol·</strong></span> <span class='ocrx_word' id='word_1_190' title='bbox 1751 2131 1752 2158; x_wconf 65' lang='lat'>³</span> 
     </span>
    </p>
   </div>
   <div class='ocr_carea' id='block_1_6' title="bbox 287 2247 1628 2341">
    <p class='ocr_par' dir='ltr' id='par_1_7' title="bbox 287 2247 1628 2341">
     <span class='ocr_line' id='line_1_20' title="bbox 287 2247 1628 2341; baseline -0.003 -21"><span class='ocrx_word' id='word_1_191' title='bbox 287 2251 380 2322; x_wconf 88' lang='lat' dir='ltr'><strong>verit</strong></span> <span class='ocrx_word' id='word_1_192' title='bbox 402 2250 532 2328; x_wconf 84' lang='lat' dir='ltr'><strong>inscius</strong></span> <span class='ocrx_word' id='word_1_193' title='bbox 548 2269 608 2318; x_wconf 89' lang='lat' dir='ltr'><strong>seu</strong></span> <span class='ocrx_word' id='word_1_194' title='bbox 626 2247 885 2334; x_wconf 65' lang='lat' dir='ltr'><strong>reservationis</strong></span> <span class='ocrx_word' id='word_1_195' title='bbox 904 2269 964 2319; x_wconf 90' lang='lat' dir='ltr'><strong>seu</strong></span> <span class='ocrx_word' id='word_1_196' title='bbox 981 2250 1191 2339; x_wconf 91' lang='lat' dir='ltr'><strong>poenitentis</strong></span> <span class='ocrx_word' id='word_1_197' title='bbox 1207 2271 1311 2341; x_wconf 89' lang='lat' dir='ltr'><strong>quem</strong></span> <span class='ocrx_word' id='word_1_198' title='bbox 1329 2251 1418 2320; x_wconf 89' lang='lat' dir='ltr'><strong>iorte</strong></span> <span class='ocrx_word' id='word_1_199' title='bbox 1435 2271 1505 2318; x_wconf 93' lang='lat' dir='ltr'><strong>non</strong></span> <span class='ocrx_word' id='word_1_200' title='bbox 1522 2269 1628 2337; x_wconf 77' lang='lat' dir='ltr'><strong>agno·</strong></span> 
     </span>
    </p>
   </div>
   <div class='ocr_carea' id='block_1_7' title="bbox 287 2353 1752 2554">
    <p class='ocr_par' dir='ltr' id='par_1_8' title="bbox 287 2353 1752 2554">
     <span class='ocr_line' id='line_1_21' title="bbox 288 2353 1752 2448; baseline -0.005 -21"><span class='ocrx_word' id='word_1_201' title='bbox 288 2357 359 2444; x_wconf 90' lang='lat' dir='ltr'><strong>vit,</strong></span> <span class='ocrx_word' id='word_1_202' title='bbox 392 2357 473 2448; x_wconf 89' lang='lat' dir='ltr'><strong>quia</strong></span> <span class='ocrx_word' id='word_1_203' title='bbox 508 2355 593 2425; x_wconf 84' lang='lat' dir='ltr'><strong>falsa</strong></span> <span class='ocrx_word' id='word_1_204' title='bbox 630 2363 746 2425; x_wconf 89' lang='lat' dir='ltr'><strong>nostra</strong></span> <span class='ocrx_word' id='word_1_205' title='bbox 771 2354 967 2425; x_wconf 87' lang='lat' dir='ltr'><strong>aestimatio</strong></span> <span class='ocrx_word' id='word_1_206' title='bbox 991 2356 1077 2426; x_wconf 92' lang='lat' dir='ltr'><strong>nihil</strong></span> <span class='ocrx_word' id='word_1_207' title='bbox 1101 2362 1235 2444; x_wconf 86' lang='lat' dir='ltr'><strong>mutat;</strong></span> <span class='ocrx_word' id='word_1_208' title='bbox 1261 2361 1402 2443; x_wconf 85' lang='lat' dir='ltr'><strong>etipse,</strong></span> <span class='ocrx_word' id='word_1_209' title='bbox 1428 2355 1456 2426; x_wconf 91' lang='lat' dir='ltr'><strong>si</strong></span> <span class='ocrx_word' id='word_1_210' title='bbox 1479 2353 1631 2424; x_wconf 85' lang='lat' dir='ltr'><strong>absolvit</strong></span> <span class='ocrx_word' id='word_1_211' title='bbox 1751 2425 1752 2444; x_wconf 52' lang='lat'><strong>,</strong></span> 
     </span>
     <span class='ocr_line' id='line_1_22' title="bbox 287 2461 1752 2554; baseline -0.003 -20"><span class='ocrx_word' id='word_1_212' title='bbox 287 2466 401 2534; x_wconf 89' lang='lat' dir='ltr'><strong>sciens</strong></span> <span class='ocrx_word' id='word_1_213' title='bbox 424 2463 594 2554; x_wconf 90' lang='lat' dir='ltr'><strong>prudens,</strong></span> <span class='ocrx_word' id='word_1_214' title='bbox 621 2461 770 2531; x_wconf 88' lang='lat' dir='ltr'><strong>incurrit</strong></span> <span class='ocrx_word' id='word_1_215' title='bbox 793 2483 966 2532; x_wconf 92' lang='lat' dir='ltr'><strong>excomm.</strong></span> <span class='ocrx_word' id='word_1_216' title='bbox 995 2469 1034 2533; x_wconf 85' lang='lat' dir='ltr'><strong>a.</strong></span> <span class='ocrx_word' id='word_1_217' title='bbox 1062 2469 1097 2534; x_wconf 84' lang='lat' dir='ltr'><strong>P.</strong></span> <span class='ocrx_word' id='word_1_218' title='bbox 1125 2469 1339 2546; x_wconf 82' lang='lat' dir='ltr'><strong>reservatam</strong></span> <span class='ocrx_word' id='word_1_219' title='bbox 1364 2461 1502 2551; x_wconf 90' lang='lat' dir='ltr'><strong>speciali</strong></span> <span class='ocrx_word' id='word_1_220' title='bbox 1528 2461 1633 2531; x_wconf 92' lang='lat' dir='ltr'><strong>modo</strong></span> <span class='ocrx_word' id='word_1_221' title='bbox 1751 2463 1752 2518; x_wconf 80' lang='lat' dir='ltr'><strong>i</strong></span> 
     </span>
    </p>
   </div>
   <div class='ocr_carea' id='block_1_8' title="bbox 290 2748 933 3788">
    <p class='ocr_par' dir='ltr' id='par_1_9' title="bbox 348 2748 909 2832">
     <span class='ocr_line' id='line_1_23' title="bbox 348 2748 909 2832; baseline -0.011 -18"><span class='ocrx_word' id='word_1_222' title='bbox 348 2751 413 2832; x_wconf 83' lang='grc'>(26)</span> <span class='ocrx_word' id='word_1_223' title='bbox 435 2753 467 2812; x_wconf 88' lang='lat' dir='ltr'><strong>S.</strong></span> <span class='ocrx_word' id='word_1_224' title='bbox 492 2751 601 2827; x_wconf 71' lang='lat' dir='ltr'><strong>Alpa,</strong></span> <span class='ocrx_word' id='word_1_225' title='bbox 625 2749 680 2818; x_wconf 87' lang='lat' dir='ltr'><strong>VI,</strong></span> <span class='ocrx_word' id='word_1_226' title='bbox 704 2748 775 2820; x_wconf 86' lang='lat'><strong>598,</strong></span> <span class='ocrx_word' id='word_1_227' title='bbox 799 2768 828 2824; x_wconf 94' lang='lat' dir='ltr'><strong>q.</strong></span> <span class='ocrx_word' id='word_1_228' title='bbox 854 2748 909 2808; x_wconf 82' lang='lat' dir='ltr'><strong>lx.</strong></span> 
     </span>
    </p>

    <p class='ocr_par' dir='ltr' id='par_1_10' title="bbox 290 2827 933 3468">
     <span class='ocr_line' id='line_1_24' title="bbox 349 2827 932 2911; baseline -0.007 -19"><span class='ocrx_word' id='word_1_229' title='bbox 349 2833 415 2911; x_wconf 87' lang='grc'>(27)</span> <span class='ocrx_word' id='word_1_230' title='bbox 436 2831 533 2908; x_wconf 80' lang='lat' dir='ltr'><strong>hugo,</strong></span> <span class='ocrx_word' id='word_1_231' title='bbox 557 2831 628 2901; x_wconf 89' lang='lat' dir='ltr'><strong>XX,</strong></span> <span class='ocrx_word' id='word_1_232' title='bbox 652 2830 706 2898; x_wconf 90' lang='grc'><strong>85,</strong></span> <span class='ocrx_word' id='word_1_233' title='bbox 730 2827 781 2890; x_wconf 88' lang='lat'><strong>90.</strong></span> <span class='ocrx_word' id='word_1_234' title='bbox 806 2861 823 2873; x_wconf 93' lang='lat'>-</span> <span class='ocrx_word' id='word_1_235' title='bbox 845 2831 932 2898; x_wconf 83' lang='lat' dir='ltr'><strong>Nisi,</strong></span> 
     </span>
     <span class='ocr_line' id='line_1_25' title="bbox 290 2908 932 2989; baseline -0.012 -14"><span class='ocrx_word' id='word_1_236' title='bbox 290 2917 337 2975; x_wconf 90' lang='lat' dir='ltr'><strong>ait</strong></span> <span class='ocrx_word' id='word_1_237' title='bbox 358 2914 391 2974; x_wconf 88' lang='lat' dir='ltr'><strong>S.</strong></span> <span class='ocrx_word' id='word_1_238' title='bbox 415 2912 509 2989; x_wconf 87' lang='lat' dir='ltr'><strong>Alph.</strong></span> <span class='ocrx_word' id='word_1_239' title='bbox 532 2909 603 2989; x_wconf 90' lang='lat' dir='ltr'><strong>(VI,</strong></span> <span class='ocrx_word' id='word_1_240' title='bbox 627 2908 710 2988; x_wconf 89' lang='grc'>205),</span> <span class='ocrx_word' id='word_1_241' title='bbox 733 2911 858 2968; x_wconf 79' lang='lat' dir='ltr'><strong>adesset</strong></span> <span class='ocrx_word' id='word_1_242' title='bbox 876 2927 932 2985; x_wconf 82' lang='lat' dir='ltr'><strong>po·</strong></span> 
     </span>
     <span class='ocr_line' id='line_1_26' title="bbox 290 2991 932 3068; baseline -0.009 -13"><span class='ocrx_word' id='word_1_243' title='bbox 290 2998 388 3055; x_wconf 85' lang='lat' dir='ltr'><strong>sitiva</strong></span> <span class='ocrx_word' id='word_1_244' title='bbox 413 2993 652 3068; x_wconf 80' lang='lat' dir='ltr'><strong>praesumptio,</strong></span> <span class='ocrx_word' id='word_1_245' title='bbox 674 2991 810 3066; x_wconf 78' lang='lat' dir='ltr'><strong>quodsi</strong></span> <span class='ocrx_word' id='word_1_246' title='bbox 831 2991 932 3064; x_wconf 77' lang='lat' dir='ltr'><strong>Sape-</strong></span> 
     </span>
     <span class='ocr_line' id='line_1_27' title="bbox 290 3073 933 3147; baseline -0.009 -13"><span class='ocrx_word' id='word_1_247' title='bbox 290 3078 359 3134; x_wconf 84' lang='lat' dir='ltr'><strong>rior</strong></span> <span class='ocrx_word' id='word_1_248' title='bbox 389 3073 572 3132; x_wconf 79' lang='lat' dir='ltr'><strong>audivisset</strong></span> <span class='ocrx_word' id='word_1_249' title='bbox 592 3078 765 3147; x_wconf 83' lang='lat' dir='ltr'><strong>peccatam</strong></span> <span class='ocrx_word' id='word_1_250' title='bbox 788 3088 933 3128; x_wconf 86' lang='lat' dir='ltr'><strong>reserva-</strong></span> 
     </span>
     <span class='ocr_line' id='line_1_28' title="bbox 291 3150 932 3222; baseline -0.009 -8"><span class='ocrx_word' id='word_1_251' title='bbox 291 3165 373 3222; x_wconf 83' lang='lat' dir='ltr'><strong>tam,</strong></span> <span class='ocrx_word' id='word_1_252' title='bbox 395 3152 631 3211; x_wconf 78' lang='lat' dir='ltr'><strong>absolutionem</strong></span> <span class='ocrx_word' id='word_1_253' title='bbox 654 3151 847 3209; x_wconf 82' lang='lat' dir='ltr'><strong>distulisset.</strong></span> <span class='ocrx_word' id='word_1_254' title='bbox 873 3150 932 3208; x_wconf 85' lang='lat' dir='ltr'><strong>Sed</strong></span> 
     </span>
     <span class='ocr_line' id='line_1_29' title="bbox 291 3229 933 3301; baseline -0.012 -7"><span class='ocrx_word' id='word_1_255' title='bbox 291 3237 368 3294; x_wconf 87' lang='lat' dir='ltr'><strong>haec</strong></span> <span class='ocrx_word' id='word_1_256' title='bbox 384 3231 547 3301; x_wconf 84' lang='lat' dir='ltr'><strong>limitatio,</strong></span> <span class='ocrx_word' id='word_1_257' title='bbox 557 3248 626 3290; x_wconf 88' lang='lat' dir='ltr'><strong>cnm</strong></span> <span class='ocrx_word' id='word_1_258' title='bbox 641 3233 672 3289; x_wconf 88' lang='lat' dir='ltr'><strong>ln</strong></span> <span class='ocrx_word' id='word_1_259' title='bbox 684 3229 852 3288; x_wconf 88' lang='lat' dir='ltr'><strong>arbitrium</strong></span> <span class='ocrx_word' id='word_1_260' title='bbox 864 3247 933 3288; x_wconf 91' lang='lat' dir='ltr'><strong>con·</strong></span> 
     </span>
     <span class='ocr_line' id='line_1_30' title="bbox 291 3309 933 3386; baseline -0.012 -12"><span class='ocrx_word' id='word_1_261' title='bbox 291 3315 443 3374; x_wconf 84' lang='lat' dir='ltr'><strong>fessorum</strong></span> <span class='ocrx_word' id='word_1_262' title='bbox 457 3309 590 3380; x_wconf 89' lang='lat' dir='ltr'><strong>desinat,</strong></span> <span class='ocrx_word' id='word_1_263' title='bbox 608 3311 758 3370; x_wconf 82' lang='lat' dir='ltr'><strong>sollicitis</strong></span> <span class='ocrx_word' id='word_1_264' title='bbox 774 3309 933 3386; x_wconf 86' lang='lat' dir='ltr'><strong>scrupulos</strong></span> 
     </span>
     <span class='ocr_line' id='line_1_31' title="bbox 290 3391 692 3468; baseline -0.015 -14"><span class='ocrx_word' id='word_1_265' title='bbox 290 3392 428 3468; x_wconf 81' lang='lat' dir='ltr'><strong>augebit,</strong></span> <span class='ocrx_word' id='word_1_266' title='bbox 454 3391 542 3448; x_wconf 72' lang='lat' dir='ltr'><strong>lamis</strong></span> <span class='ocrx_word' id='word_1_267' title='bbox 564 3391 692 3448; x_wconf 87' lang='lat' dir='ltr'><strong>adimet.</strong></span> 
     </span>
    </p>

    <p class='ocr_par' dir='ltr' id='par_1_11' title="bbox 362 3467 932 3546">
     <span class='ocr_line' id='line_1_32' title="bbox 362 3467 932 3546; baseline -0.007 -16"><span class='ocrx_word' id='word_1_268' title='bbox 362 3473 402 3530; x_wconf 83' lang='lat'><strong>28</strong></span> <span class='ocrx_word' id='word_1_269' title='bbox 437 3471 469 3529; x_wconf 88' lang='lat' dir='ltr'><strong>S.</strong></span> <span class='ocrx_word' id='word_1_270' title='bbox 493 3469 601 3546; x_wconf 73' lang='lat' dir='ltr'><strong>Alpa,</strong></span> <span class='ocrx_word' id='word_1_271' title='bbox 617 3467 672 3539; x_wconf 87' lang='lat' dir='ltr'><strong>VI,</strong></span> <span class='ocrx_word' id='word_1_272' title='bbox 689 3470 760 3539; x_wconf 87' lang='grc'>508,</span> <span class='ocrx_word' id='word_1_273' title='bbox 778 3487 808 3527; x_wconf 92' lang='lat' dir='ltr'><strong>v.</strong></span> <span class='ocrx_word' id='word_1_274' title='bbox 826 3468 932 3528; x_wconf 78' lang='lat' dir='ltr'><strong>Recte,</strong></span> 
     </span>
    </p>

    <p class='ocr_par' dir='ltr' id='par_1_12' title="bbox 290 3548 933 3788">
     <span class='ocr_line' id='line_1_33' title="bbox 363 3548 933 3627; baseline -0.005 -16"><span class='ocrx_word' id='word_1_275' title='bbox 363 3551 403 3611; x_wconf 86' lang='grc'><strong>29</strong></span> <span class='ocrx_word' id='word_1_276' title='bbox 435 3551 560 3627; x_wconf 72' lang='lat' dir='ltr'><strong>haym,</strong></span> <span class='ocrx_word' id='word_1_277' title='bbox 584 3548 656 3619; x_wconf 89' lang='lat' dir='ltr'><strong>XII,</strong></span> <span class='ocrx_word' id='word_1_278' title='bbox 680 3549 732 3621; x_wconf 89' lang='grc'><strong>15;</strong></span> <span class='ocrx_word' id='word_1_279' title='bbox 756 3549 860 3618; x_wconf 70' lang='lat' dir='ltr'><strong>Suam,</strong></span> <span class='ocrx_word' id='word_1_280' title='bbox 882 3549 933 3619; x_wconf 82' lang='lat'><strong>30,</strong></span> 
     </span>
     <span class='ocr_line' id='line_1_34' title="bbox 291 3627 933 3707; baseline -0.009 -15"><span class='ocrx_word' id='word_1_281' title='bbox 291 3634 322 3704; x_wconf 88' lang='grc'><strong>3,</strong></span> <span class='ocrx_word' id='word_1_282' title='bbox 337 3633 376 3703; x_wconf 86' lang='grc'><strong>6;</strong></span> <span class='ocrx_word' id='word_1_283' title='bbox 392 3632 490 3707; x_wconf 84' lang='lat' dir='ltr'><strong>Lugo,</strong></span> <span class='ocrx_word' id='word_1_284' title='bbox 504 3630 573 3699; x_wconf 89' lang='lat' dir='ltr'><strong>XX,</strong></span> <span class='ocrx_word' id='word_1_285' title='bbox 591 3629 668 3700; x_wconf 71' lang='lat'><strong>2083</strong></span> <span class='ocrx_word' id='word_1_286' title='bbox 692 3631 723 3688; x_wconf 88' lang='lat' dir='ltr'><strong>S.</strong></span> <span class='ocrx_word' id='word_1_287' title='bbox 742 3627 933 3704; x_wconf 82' lang='lat' dir='ltr'><strong>ntph.,v11,</strong></span> 
     </span>
     <span class='ocr_line' id='line_1_35' title="bbox 290 3707 902 3788; baseline -0.011 -15"><span class='ocrx_word' id='word_1_288' title='bbox 290 3713 340 3773; x_wconf 85' lang='lat'><strong>91.</strong></span> <span class='ocrx_word' id='word_1_289' title='bbox 360 3711 639 3771; x_wconf 67' lang='lat' dir='ltr'><strong>Commodissima</strong></span> <span class='ocrx_word' id='word_1_290' title='bbox 659 3708 797 3787; x_wconf 88' lang='lat' dir='ltr'><strong>(Sporer,</strong></span> <span class='ocrx_word' id='word_1_291' title='bbox 820 3707 902 3788; x_wconf 73' lang='lat'>726).</span> 
     </span>
    </p>
   </div>
   <div class='ocr_carea' id='block_1_9' title="bbox 352 3789 937 3872">
    <p class='ocr_par' dir='ltr' id='par_1_13' title="bbox 352 3789 937 3872">
     <span class='ocr_line' id='line_1_36' title="bbox 352 3789 937 3872; baseline -0.01 -20"><span class='ocrx_word' id='word_1_292' title='bbox 352 3792 418 3872; x_wconf 84' lang='lat'>(30)</span> <span class='ocrx_word' id='word_1_293' title='bbox 440 3791 514 3850; x_wconf 93' lang='lat' dir='ltr'><strong>Ben.</strong></span> <span class='ocrx_word' id='word_1_294' title='bbox 539 3789 626 3862; x_wconf 87' lang='lat' dir='ltr'><strong>XIV,</strong></span> <span class='ocrx_word' id='word_1_295' title='bbox 651 3792 713 3848; x_wconf 82' lang='lat' dir='ltr'><strong>BB.</strong></span> <span class='ocrx_word' id='word_1_296' title='bbox 739 3791 937 3848; x_wconf 77' lang='lat' dir='ltr'><strong>Sacramen-</strong></span> 
     </span>
    </p>
   </div>
   <div class='ocr_carea' id='block_1_10' title="bbox 292 3869 937 4268">
    <p class='ocr_par' dir='ltr' id='par_1_14' title="bbox 292 3869 937 4268">
     <span class='ocr_line' id='line_1_37' title="bbox 293 3869 936 3945; baseline -0.006 -15"><span class='ocrx_word' id='word_1_297' title='bbox 293 3880 363 3930; x_wconf 80' lang='lat' dir='ltr'><strong>tum</strong></span> <span class='ocrx_word' id='word_1_298' title='bbox 378 3873 617 3939; x_wconf 82' lang='lat' dir='ltr'><strong>Paenitentiae,</strong></span> <span class='ocrx_word' id='word_1_299' title='bbox 633 3869 811 3945; x_wconf 83' lang='lat' dir='ltr'><strong>Apostolici</strong></span> <span class='ocrx_word' id='word_1_300' title='bbox 821 3886 936 3926; x_wconf 75' lang='lat' dir='ltr'><strong>mitae·</strong></span> 
     </span>
     <span class='ocr_line' id='line_1_38' title="bbox 292 3949 933 4026; baseline -0.006 -16"><span class='ocrx_word' id='word_1_301' title='bbox 292 3955 339 4010; x_wconf 83' lang='lat' dir='ltr'><strong>ris</strong></span> <span class='ocrx_word' id='word_1_302' title='bbox 346 3973 359 4020; x_wconf 90' lang='lat'><em>;</em></span> <span class='ocrx_word' id='word_1_303' title='bbox 380 3953 456 4011; x_wconf 84' lang='lat' dir='ltr'><strong>Pius</strong></span> <span class='ocrx_word' id='word_1_304' title='bbox 477 3951 533 4021; x_wconf 85' lang='lat' dir='ltr'><strong>Lx,</strong></span> <span class='ocrx_word' id='word_1_305' title='bbox 552 3951 586 4010; x_wconf 87' lang='grc'><strong>0.</strong></span> <span class='ocrx_word' id='word_1_306' title='bbox 602 3949 808 4026; x_wconf 84' lang='lat' dir='ltr'><strong>Apostolicee</strong></span> <span class='ocrx_word' id='word_1_307' title='bbox 830 3949 933 4007; x_wconf 85' lang='lat' dir='ltr'><strong>Sedis.</strong></span> 
     </span>
     <span class='ocr_line' id='line_1_39' title="bbox 293 4027 937 4098; baseline -0.008 -8"><span class='ocrx_word' id='word_1_308' title='bbox 293 4065 310 4077; x_wconf 94' lang='lat'>-</span> <span class='ocrx_word' id='word_1_309' title='bbox 333 4033 466 4098; x_wconf 64' lang='lat' dir='ltr'><strong>lostam</strong></span> <span class='ocrx_word' id='word_1_310' title='bbox 495 4029 618 4090; x_wconf 89' lang='lat' dir='ltr'><strong>sciIicet</strong></span> <span class='ocrx_word' id='word_1_311' title='bbox 646 4031 727 4088; x_wconf 87' lang='lat' dir='ltr'><strong>aliae</strong></span> <span class='ocrx_word' id='word_1_312' title='bbox 749 4027 937 4086; x_wconf 87' lang='lat' dir='ltr'><strong>reservatio-</strong></span> 
     </span>
     <span class='ocr_line' id='line_1_40' title="bbox 292 4109 936 4188; baseline -0.009 -18"><span class='ocrx_word' id='word_1_313' title='bbox 292 4129 347 4170; x_wconf 88' lang='lat' dir='ltr'><strong>nes</strong></span> <span class='ocrx_word' id='word_1_314' title='bbox 369 4111 504 4188; x_wconf 87' lang='lat' dir='ltr'><strong>ipsorum</strong></span> <span class='ocrx_word' id='word_1_315' title='bbox 527 4116 722 4186; x_wconf 85' lang='lat' dir='ltr'><strong>peccatorum</strong></span> <span class='ocrx_word' id='word_1_316' title='bbox 739 4125 842 4177; x_wconf 88' lang='lat' dir='ltr'><strong>cansa,</strong></span> <span class='ocrx_word' id='word_1_317' title='bbox 859 4109 936 4165; x_wconf 88' lang='lat' dir='ltr'><strong>haec</strong></span> 
     </span>
     <span class='ocr_line' id='line_1_41' title="bbox 293 4189 937 4268; baseline -0.011 -17"><span class='ocrx_word' id='word_1_318' title='bbox 293 4197 325 4251; x_wconf 90' lang='lat' dir='ltr'><strong>et</strong></span> <span class='ocrx_word' id='word_1_319' title='bbox 339 4191 564 4268; x_wconf 83' lang='lat' dir='ltr'><strong>poepItentium</strong></span> <span class='ocrx_word' id='word_1_320' title='bbox 586 4194 618 4248; x_wconf 90' lang='lat' dir='ltr'><strong>et</strong></span> <span class='ocrx_word' id='word_1_321' title='bbox 628 4189 856 4248; x_wconf 85' lang='lat' dir='ltr'><strong>absolventium</strong></span> <span class='ocrx_word' id='word_1_322' title='bbox 868 4204 937 4245; x_wconf 87' lang='lat' dir='ltr'><strong>cau·</strong></span> 
     </span>
    </p>
   </div>
   <div class='ocr_carea' id='block_1_11' title="bbox 986 2751 1638 3862">
    <p class='ocr_par' dir='ltr' id='par_1_15' title="bbox 986 2751 1633 2906">
     <span class='ocr_line' id='line_1_42' title="bbox 986 2751 1633 2821; baseline -0.003 -13"><span class='ocrx_word' id='word_1_323' title='bbox 986 2753 1110 2809; x_wconf 79' lang='lat' dir='ltr'><strong>aeris·</strong></span> <span class='ocrx_word' id='word_1_324' title='bbox 1124 2751 1210 2821; x_wconf 80' lang='lat' dir='ltr'><strong>Sive,</strong></span> <span class='ocrx_word' id='word_1_325' title='bbox 1224 2751 1393 2810; x_wconf 64' lang='lat' dir='ltr'><strong>cauliatIni</strong></span> <span class='ocrx_word' id='word_1_326' title='bbox 1408 2751 1544 2820; x_wconf 89' lang='lat' dir='ltr'><strong>aiebant,</strong></span> <span class='ocrx_word' id='word_1_327' title='bbox 1558 2767 1633 2808; x_wconf 82' lang='lat' dir='ltr'><strong>coa-</strong></span> 
     </span>
     <span class='ocr_line' id='line_1_43' title="bbox 986 2830 1244 2906; baseline 0 -18"><span class='ocrx_word' id='word_1_328' title='bbox 986 2833 1092 2888; x_wconf 81' lang='lat' dir='ltr'><strong>sciam</strong></span> <span class='ocrx_word' id='word_1_329' title='bbox 1115 2830 1244 2906; x_wconf 84' lang='lat' dir='ltr'><strong>peccati.</strong></span> 
     </span>
    </p>

    <p class='ocr_par' dir='ltr' id='par_1_16' title="bbox 987 2907 1638 3862">
     <span class='ocr_line' id='line_1_44' title="bbox 1047 2907 1630 2988; baseline -0.005 -19"><span class='ocrx_word' id='word_1_330' title='bbox 1047 2907 1113 2988; x_wconf 88' lang='lat'>(33)</span> <span class='ocrx_word' id='word_1_331' title='bbox 1133 2909 1279 2981; x_wconf 76' lang='lat' dir='ltr'><strong>scavini,</strong></span> <span class='ocrx_word' id='word_1_332' title='bbox 1313 2909 1370 2984; x_wconf 93' lang='lat' dir='ltr'><strong>III,</strong></span> <span class='ocrx_word' id='word_1_333' title='bbox 1393 2909 1463 2968; x_wconf 88' lang='grc'>368.</span> <span class='ocrx_word' id='word_1_334' title='bbox 1488 2911 1630 2984; x_wconf 89' lang='lat' dir='ltr'><strong>Utroque</strong></span> 
     </span>
     <span class='ocr_line' id='line_1_45' title="bbox 987 2987 1635 3067; baseline -0.006 -18"><span class='ocrx_word' id='word_1_335' title='bbox 987 2989 1198 3049; x_wconf 84' lang='lat' dir='ltr'><strong>consentiente</strong></span> <span class='ocrx_word' id='word_1_336' title='bbox 1219 2989 1377 3067; x_wconf 84' lang='lat' dir='ltr'><strong>(utrinqne</strong></span> <span class='ocrx_word' id='word_1_337' title='bbox 1393 2987 1539 3067; x_wconf 86' lang='lat' dir='ltr'><strong>formale)</strong></span> <span class='ocrx_word' id='word_1_338' title='bbox 1553 2989 1635 3048; x_wconf 85' lang='lat' dir='ltr'><strong>alias</strong></span> 
     </span>
     <span class='ocr_line' id='line_1_46' title="bbox 988 3070 1637 3147; baseline -0.005 -19"><span class='ocrx_word' id='word_1_339' title='bbox 988 3077 1040 3144; x_wconf 88' lang='lat' dir='ltr'><strong>qut</strong></span> <span class='ocrx_word' id='word_1_340' title='bbox 1055 3071 1145 3138; x_wconf 84' lang='lat' dir='ltr'><strong>socii,</strong></span> <span class='ocrx_word' id='word_1_341' title='bbox 1162 3070 1345 3147; x_wconf 83' lang='lat' dir='ltr'><strong>complices,</strong></span> <span class='ocrx_word' id='word_1_342' title='bbox 1360 3070 1511 3128; x_wconf 84' lang='lat' dir='ltr'><strong>coasciit</strong></span> <span class='ocrx_word' id='word_1_343' title='bbox 1527 3071 1567 3128; x_wconf 82' lang='lat' dir='ltr'><strong>Et</strong></span> <span class='ocrx_word' id='word_1_344' title='bbox 1583 3085 1637 3126; x_wconf 81' lang='lat' dir='ltr'><strong>ex·</strong></span> 
     </span>
     <span class='ocr_line' id='line_1_47' title="bbox 987 3145 1632 3229; baseline -0.006 -20"><span class='ocrx_word' id='word_1_345' title='bbox 987 3151 1087 3210; x_wconf 84' lang='lat' dir='ltr'><strong>terius</strong></span> <span class='ocrx_word' id='word_1_346' title='bbox 1116 3150 1327 3210; x_wconf 88' lang='lat' dir='ltr'><strong>consentiente</strong></span> <span class='ocrx_word' id='word_1_347' title='bbox 1355 3149 1470 3229; x_wconf 81' lang='lat' dir='ltr'><strong>(Prol,</strong></span> <span class='ocrx_word' id='word_1_348' title='bbox 1504 3145 1632 3223; x_wconf 67' lang='lat'>3298).</span> 
     </span>
     <span class='ocr_line' id='line_1_48' title="bbox 988 3229 1637 3304; baseline -0.005 -17"><span class='ocrx_word' id='word_1_349' title='bbox 988 3229 1096 3304; x_wconf 86' lang='lat' dir='ltr'><strong>Itaque</strong></span> <span class='ocrx_word' id='word_1_350' title='bbox 1117 3229 1145 3288; x_wconf 88' lang='lat' dir='ltr'><strong>si</strong></span> <span class='ocrx_word' id='word_1_351' title='bbox 1164 3229 1247 3290; x_wconf 87' lang='lat' dir='ltr'><strong>alter</strong></span> <span class='ocrx_word' id='word_1_352' title='bbox 1268 3230 1402 3300; x_wconf 86' lang='lat' dir='ltr'><strong>alteram</strong></span> <span class='ocrx_word' id='word_1_353' title='bbox 1418 3231 1637 3288; x_wconf 85' lang='lat' dir='ltr'><strong>contrectave-</strong></span> 
     </span>
     <span class='ocr_line' id='line_1_49' title="bbox 988 3307 1636 3386; baseline -0.002 -19"><span class='ocrx_word' id='word_1_354' title='bbox 988 3310 1034 3369; x_wconf 85' lang='lat' dir='ltr'><strong>rit</strong></span> <span class='ocrx_word' id='word_1_355' title='bbox 1054 3309 1106 3368; x_wconf 87' lang='lat' dir='ltr'><strong>vel</strong></span> <span class='ocrx_word' id='word_1_356' title='bbox 1127 3309 1307 3384; x_wconf 86' lang='lat' dir='ltr'><strong>adspexerit</strong></span> <span class='ocrx_word' id='word_1_357' title='bbox 1329 3309 1462 3369; x_wconf 86' lang='lat' dir='ltr'><strong>invitam</strong></span> <span class='ocrx_word' id='word_1_358' title='bbox 1476 3307 1567 3386; x_wconf 87' lang='lat' dir='ltr'><strong>(licet</strong></span> <span class='ocrx_word' id='word_1_359' title='bbox 1582 3325 1636 3366; x_wconf 88' lang='lat' dir='ltr'><strong>ex·</strong></span> 
     </span>
     <span class='ocr_line' id='line_1_50' title="bbox 989 3387 1637 3463; baseline -0.005 -15"><span class='ocrx_word' id='word_1_360' title='bbox 989 3389 1087 3448; x_wconf 88' lang='lat' dir='ltr'><strong>terius</strong></span> <span class='ocrx_word' id='word_1_361' title='bbox 1111 3391 1232 3447; x_wconf 90' lang='lat' dir='ltr'><strong>tantum</strong></span> <span class='ocrx_word' id='word_1_362' title='bbox 1256 3389 1389 3450; x_wconf 83' lang='lat' dir='ltr'><strong>invitam</strong></span> <span class='ocrx_word' id='word_1_363' title='bbox 1411 3394 1444 3446; x_wconf 88' lang='lat' dir='ltr'><strong>et</strong></span> <span class='ocrx_word' id='word_1_364' title='bbox 1465 3387 1567 3463; x_wconf 86' lang='lat' dir='ltr'><strong>specie</strong></span> <span class='ocrx_word' id='word_1_365' title='bbox 1590 3393 1637 3447; x_wconf 89' lang='lat' dir='ltr'><strong>te-</strong></span> 
     </span>
     <span class='ocr_line' id='line_1_51' title="bbox 990 3468 1634 3546; baseline -0.006 -18"><span class='ocrx_word' id='word_1_366' title='bbox 990 3468 1070 3546; x_wconf 87' lang='lat' dir='ltr'><strong>nus),</strong></span> <span class='ocrx_word' id='word_1_367' title='bbox 1094 3468 1122 3527; x_wconf 87' lang='lat' dir='ltr'><strong>si</strong></span> <span class='ocrx_word' id='word_1_368' title='bbox 1143 3485 1211 3526; x_wconf 87' lang='lat' dir='ltr'><strong>eam</strong></span> <span class='ocrx_word' id='word_1_369' title='bbox 1226 3468 1463 3527; x_wconf 80' lang='lat' dir='ltr'><strong>deoscularerIt</strong></span> <span class='ocrx_word' id='word_1_370' title='bbox 1484 3485 1523 3526; x_wconf 89' lang='lat' dir='ltr'><strong>ex</strong></span> <span class='ocrx_word' id='word_1_371' title='bbox 1546 3483 1634 3526; x_wconf 86' lang='lat' dir='ltr'><strong>more</strong></span> 
     </span>
     <span class='ocr_line' id='line_1_52' title="bbox 990 3547 1637 3624; baseline -0.006 -17"><span class='ocrx_word' id='word_1_372' title='bbox 990 3548 1139 3624; x_wconf 83' lang='lat' dir='ltr'><strong>reglonis,</strong></span> <span class='ocrx_word' id='word_1_373' title='bbox 1164 3549 1191 3606; x_wconf 89' lang='lat' dir='ltr'><strong>si</strong></span> <span class='ocrx_word' id='word_1_374' title='bbox 1214 3565 1338 3608; x_wconf 88' lang='lat' dir='ltr'><strong>manum</strong></span> <span class='ocrx_word' id='word_1_375' title='bbox 1360 3547 1529 3606; x_wconf 87' lang='lat' dir='ltr'><strong>strinxerit</strong></span> <span class='ocrx_word' id='word_1_376' title='bbox 1544 3547 1637 3604; x_wconf 90' lang='lat' dir='ltr'><strong>urba-</strong></span> 
     </span>
     <span class='ocr_line' id='line_1_53' title="bbox 990 3627 1638 3703; baseline -0.006 -15"><span class='ocrx_word' id='word_1_377' title='bbox 990 3629 1103 3688; x_wconf 85' lang='lat' dir='ltr'><strong>nitatis</strong></span> <span class='ocrx_word' id='word_1_378' title='bbox 1125 3643 1228 3698; x_wconf 86' lang='lat' dir='ltr'><strong>causa,</strong></span> <span class='ocrx_word' id='word_1_379' title='bbox 1253 3627 1329 3687; x_wconf 89' lang='lat' dir='ltr'><strong>licet</strong></span> <span class='ocrx_word' id='word_1_380' title='bbox 1349 3627 1451 3703; x_wconf 88' lang='lat' dir='ltr'><strong>turpis</strong></span> <span class='ocrx_word' id='word_1_381' title='bbox 1465 3627 1638 3685; x_wconf 84' lang='lat' dir='ltr'><strong>delectatio</strong></span> 
     </span>
     <span class='ocr_line' id='line_1_54' title="bbox 990 3705 1637 3782; baseline -0.003 -16"><span class='ocrx_word' id='word_1_382' title='bbox 990 3707 1136 3782; x_wconf 90' lang='lat' dir='ltr'><strong>utrinque</strong></span> <span class='ocrx_word' id='word_1_383' title='bbox 1157 3725 1215 3765; x_wconf 90' lang='lat' dir='ltr'><strong>non</strong></span> <span class='ocrx_word' id='word_1_384' title='bbox 1237 3708 1329 3776; x_wconf 87' lang='lat' dir='ltr'><strong>desit,</strong></span> <span class='ocrx_word' id='word_1_385' title='bbox 1354 3707 1382 3766; x_wconf 89' lang='lat' dir='ltr'><strong>si</strong></span> <span class='ocrx_word' id='word_1_386' title='bbox 1404 3707 1479 3764; x_wconf 86' lang='lat' dir='ltr'><strong>haec</strong></span> <span class='ocrx_word' id='word_1_387' title='bbox 1493 3705 1637 3766; x_wconf 85' lang='lat' dir='ltr'><strong>exterius</strong></span> 
     </span>
     <span class='ocr_line' id='line_1_55' title="bbox 990 3787 1566 3862; baseline -0.003 -16"><span class='ocrx_word' id='word_1_388' title='bbox 990 3805 1049 3846; x_wconf 91' lang='lat' dir='ltr'><strong>nou</strong></span> <span class='ocrx_word' id='word_1_389' title='bbox 1070 3794 1231 3862; x_wconf 85' lang='lat' dir='ltr'><strong>appareat,</strong></span> <span class='ocrx_word' id='word_1_390' title='bbox 1256 3787 1432 3846; x_wconf 86' lang='lat' dir='ltr'><strong>reservatio</strong></span> <span class='ocrx_word' id='word_1_391' title='bbox 1454 3790 1566 3844; x_wconf 87' lang='lat' dir='ltr'><strong>cessat.</strong></span> 
     </span>
    </p>
   </div>
   <div class='ocr_carea' id='block_1_12' title="bbox 1050 3865 1638 3946">
    <p class='ocr_par' dir='ltr' id='par_1_17' title="bbox 1050 3865 1638 3946">
     <span class='ocr_line' id='line_1_56' title="bbox 1050 3865 1638 3946; baseline -0.009 -20"><span class='ocrx_word' id='word_1_392' title='bbox 1050 3865 1116 3946; x_wconf 84' lang='grc'>(34)</span> <span class='ocrx_word' id='word_1_393' title='bbox 1137 3865 1319 3938; x_wconf 84' lang='lat' dir='ltr'><strong>Giannardi,</strong></span> <span class='ocrx_word' id='word_1_394' title='bbox 1337 3865 1411 3942; x_wconf 82' lang='lat' dir='ltr'><strong>Gap.</strong></span> <span class='ocrx_word' id='word_1_395' title='bbox 1429 3865 1486 3924; x_wconf 93' lang='grc' dir='ltr'>ΙΙΙ.</span> <span class='ocrx_word' id='word_1_396' title='bbox 1502 3893 1524 3910; x_wconf 88' lang='grc'><strong>-</strong></span> <span class='ocrx_word' id='word_1_397' title='bbox 1537 3867 1575 3923; x_wconf 90' lang='lat' dir='ltr'><strong>V.</strong></span> <span class='ocrx_word' id='word_1_398' title='bbox 1596 3883 1638 3931; x_wconf 89' lang='lat' dir='ltr'><strong>c.,</strong></span> 
     </span>
    </p>
   </div>
   <div class='ocr_carea' id='block_1_13' title="bbox 991 3943 1752 4261">
    <p class='ocr_par' dir='ltr' id='par_1_18' title="bbox 991 3943 1752 4261">
     <span class='ocr_line' id='line_1_57' title="bbox 991 3943 1752 4044; baseline -0.008 -38"><span class='ocrx_word' id='word_1_399' title='bbox 991 3947 1019 4006; x_wconf 89' lang='lat' dir='ltr'><strong>si</strong></span> <span class='ocrx_word' id='word_1_400' title='bbox 1040 3948 1211 4044; x_wconf 82' lang='lat' dir='ltr'><strong>patientem</strong></span> <span class='ocrx_word' id='word_1_401' title='bbox 1233 3964 1292 4004; x_wconf 91' lang='lat' dir='ltr'><strong>non</strong></span> <span class='ocrx_word' id='word_1_402' title='bbox 1315 3945 1448 4005; x_wconf 83' lang='lat' dir='ltr'><strong>Invitam</strong></span> <span class='ocrx_word' id='word_1_403' title='bbox 1463 3949 1641 4004; x_wconf 87' lang='lat' dir='ltr'><strong>contrecta·</strong></span> <span class='ocrx_word' id='word_1_404' title='bbox 1750 3943 1752 4000; x_wconf 69' lang='lat'>5</span> 
     </span>
     <span class='ocr_line' id='line_1_58' title="bbox 992 4021 1752 4104; baseline -0.007 -20"><span class='ocrx_word' id='word_1_405' title='bbox 992 4028 1051 4087; x_wconf 87' lang='lat' dir='ltr'><strong>vlt.</strong></span> <span class='ocrx_word' id='word_1_406' title='bbox 1069 4027 1198 4086; x_wconf 86' lang='lat' dir='ltr'><strong>Scilicet</strong></span> <span class='ocrx_word' id='word_1_407' title='bbox 1214 4025 1355 4085; x_wconf 88' lang='lat' dir='ltr'><strong>oriminis</strong></span> <span class='ocrx_word' id='word_1_408' title='bbox 1369 4025 1480 4094; x_wconf 84' lang='lat' dir='ltr'><strong>socius,</strong></span> <span class='ocrx_word' id='word_1_409' title='bbox 1498 4021 1642 4104; x_wconf 82' lang='lat' dir='ltr'><strong>complex</strong></span> <span class='ocrx_word' id='word_1_410' title='bbox 1750 4025 1752 4080; x_wconf 55' lang='lat' dir='ltr'><strong>t</strong></span> 
     </span>
     <span class='ocr_line' id='line_1_59' title="bbox 992 4101 1752 4180; baseline -0.004 -15"><span class='ocrx_word' id='word_1_411' title='bbox 992 4107 1166 4166; x_wconf 82' lang='lat' dir='ltr'><strong>rectIssime</strong></span> <span class='ocrx_word' id='word_1_412' title='bbox 1188 4105 1305 4165; x_wconf 89' lang='lat' dir='ltr'><strong>dicitur</strong></span> <span class='ocrx_word' id='word_1_413' title='bbox 1318 4109 1350 4165; x_wconf 91' lang='lat' dir='ltr'><strong>et</strong></span> <span class='ocrx_word' id='word_1_414' title='bbox 1365 4105 1392 4164; x_wconf 88' lang='lat' dir='ltr'><strong>is</strong></span> <span class='ocrx_word' id='word_1_415' title='bbox 1407 4105 1456 4180; x_wconf 90' lang='lat' dir='ltr'><strong>qui</strong></span> <span class='ocrx_word' id='word_1_416' title='bbox 1474 4103 1568 4162; x_wconf 87' lang='lat' dir='ltr'><strong>alteri</strong></span> <span class='ocrx_word' id='word_1_417' title='bbox 1586 4101 1639 4160; x_wconf 88' lang='lat' dir='ltr'><strong>vel</strong></span> <span class='ocrx_word' id='word_1_418' title='bbox 1750 4103 1752 4162; x_wconf 84' lang='lat' dir='ltr'><strong>l</strong></span> 
     </span>
     <span class='ocr_line' id='line_1_60' title="bbox 992 4167 1752 4261; baseline -0.003 -15"><span class='ocrx_word' id='word_1_419' title='bbox 992 4186 1057 4246; x_wconf 87' lang='lat' dir='ltr'><strong>solo</strong></span> <span class='ocrx_word' id='word_1_420' title='bbox 1089 4201 1251 4256; x_wconf 85' lang='lat' dir='ltr'><strong>consensu,</strong></span> <span class='ocrx_word' id='word_1_421' title='bbox 1286 4204 1338 4245; x_wconf 91' lang='lat' dir='ltr'><strong>seu</strong></span> <span class='ocrx_word' id='word_1_422' title='bbox 1368 4182 1521 4261; x_wconf 87' lang='lat' dir='ltr'><strong>patientia</strong></span> <span class='ocrx_word' id='word_1_423' title='bbox 1547 4199 1638 4258; x_wconf 89' lang='lat' dir='ltr'><strong>opem</strong></span> <span class='ocrx_word' id='word_1_424' title='bbox 1750 4167 1752 4244; x_wconf 77' lang='grc' dir='ltr'>Ι</span> 
     </span>
    </p>
   </div>
   <div class='ocr_carea' id='block_1_14' title="bbox 293 4266 1145 4342">
    <p class='ocr_par' dir='ltr' id='par_1_19' title="bbox 293 4266 1145 4342">
     <span class='ocr_line' id='line_1_61' title="bbox 293 4266 1145 4342; baseline -0.008 -12"><span class='ocrx_word' id='word_1_425' title='bbox 293 4289 328 4330; x_wconf 85' lang='lat' dir='ltr'><strong>aa</strong></span> <span class='ocrx_word' id='word_1_426' title='bbox 349 4271 527 4330; x_wconf 88' lang='lat' dir='ltr'><strong>introducta</strong></span> <span class='ocrx_word' id='word_1_427' title='bbox 547 4275 614 4342; x_wconf 82' lang='lat' dir='ltr'><strong>est3</strong></span> <span class='ocrx_word' id='word_1_428' title='bbox 637 4273 669 4328; x_wconf 86' lang='lat' dir='ltr'><strong>et</strong></span> <span class='ocrx_word' id='word_1_429' title='bbox 691 4269 728 4327; x_wconf 88' lang='lat' dir='ltr'><strong>ad</strong></span> <span class='ocrx_word' id='word_1_430' title='bbox 749 4266 938 4326; x_wconf 88' lang='lat' dir='ltr'><strong>sacramenti</strong></span> <span class='ocrx_word' id='word_1_431' title='bbox 978 4297 980 4300; x_wconf 95' lang='lat'>·</span> <span class='ocrx_word' id='word_1_432' title='bbox 992 4270 1145 4342; x_wconf 87' lang='lat' dir='ltr'><strong>praestat.</strong></span> 
     </span>
    </p>
   </div>
   <div class='ocr_carea' id='block_1_15' title="bbox 293 4349 916 4426">
    <p class='ocr_par' dir='ltr' id='par_1_20' title="bbox 293 4349 916 4426">
     <span class='ocr_line' id='line_1_62' title="bbox 293 4349 916 4426; baseline -0.006 -17"><span class='ocrx_word' id='word_1_433' title='bbox 293 4369 411 4426; x_wconf 90' lang='lat' dir='ltr'><strong>qnoque</strong></span> <span class='ocrx_word' id='word_1_434' title='bbox 432 4351 643 4410; x_wconf 85' lang='lat' dir='ltr'><strong>reverentiam</strong></span> <span class='ocrx_word' id='word_1_435' title='bbox 665 4349 814 4426; x_wconf 81' lang='lat' dir='ltr'><strong>perticat.</strong></span> <span class='ocrx_word' id='word_1_436' title='bbox 914 4390 916 4398; x_wconf 67' lang='grc'>,</span> 
     </span>
    </p>
   </div>
   <div class='ocr_carea' id='block_1_16' title="bbox 296 4425 936 4570">
    <p class='ocr_par' dir='ltr' id='par_1_21' title="bbox 296 4425 936 4570">
     <span class='ocr_line' id='line_1_63' title="bbox 354 4425 936 4570; baseline -0.012 -80"><span class='ocrx_word' id='word_1_437' title='bbox 354 4427 420 4570; x_wconf 41' lang='grc'>831)</span> <span class='ocrx_word' id='word_1_438' title='bbox 441 4433 478 4522; x_wconf 64' lang='lat' dir='ltr'><strong>S.¹</strong></span> <span class='ocrx_word' id='word_1_439' title='bbox 497 4430 535 4490; x_wconf 90' lang='lat' dir='ltr'><strong>U.</strong></span> <span class='ocrx_word' id='word_1_440' title='bbox 560 4429 599 4499; x_wconf 93' lang='lat' dir='ltr'><strong>I.,</strong></span> <span class='ocrx_word' id='word_1_441' title='bbox 623 4430 693 4521; x_wconf 77' lang='lat' dir='ltr'><strong>Fer.</strong></span> <span class='ocrx_word' id='word_1_442' title='bbox 719 4427 772 4520; x_wconf 80' lang='lat' dir='ltr'><strong>iv,</strong></span> <span class='ocrx_word' id='word_1_443' title='bbox 798 4428 838 4486; x_wconf 90' lang='lat'><strong>38</strong></span> <span class='ocrx_word' id='word_1_444' title='bbox 859 4425 936 4484; x_wconf 84' lang='lat' dir='ltr'><strong>Maii</strong></span> 
     </span>
     <span class='ocr_line' id='line_1_64' title="bbox 296 4507 886 4570; baseline -0.005 -2"><span class='ocrx_word' id='word_1_445' title='bbox 296 4509 354 4569; x_wconf 87' lang='lat'><strong>187</strong></span> <span class='ocrx_word' id='word_1_446' title='bbox 378 4556 384 4569; x_wconf 94' lang='lat'><strong>.</strong></span> <span class='ocrx_word' id='word_1_447' title='bbox 410 4511 450 4570; x_wconf 87' lang='lat' dir='ltr'><strong>Et</strong></span> <span class='ocrx_word' id='word_1_448' title='bbox 472 4515 518 4570; x_wconf 82' lang='lat' dir='ltr'><strong>xta</strong></span> <span class='ocrx_word' id='word_1_449' title='bbox 540 4515 630 4568; x_wconf 89' lang='lat' dir='ltr'><strong>vetus</strong></span> <span class='ocrx_word' id='word_1_450' title='bbox 651 4509 692 4568; x_wconf 79' lang='lat' dir='ltr'><strong>Its</strong></span> <span class='ocrx_word' id='word_1_451' title='bbox 714 4507 805 4566; x_wconf 81' lang='lat' dir='ltr'><strong>finita</strong></span> <span class='ocrx_word' id='word_1_452' title='bbox 827 4511 886 4566; x_wconf 88' lang='lat' dir='ltr'><strong>est.</strong></span> 
     </span>
    </p>
   </div>
   <div class='ocr_carea' id='block_1_17' title="bbox 354 4587 939 4670">
    <p class='ocr_par' dir='ltr' id='par_1_22' title="bbox 354 4587 939 4670">
     <span class='ocr_line' id='line_1_65' title="bbox 354 4587 939 4670; baseline -0.01 -20"><span class='ocrx_word' id='word_1_453' title='bbox 354 4587 419 4670; x_wconf 88' lang='grc'>(32)</span> <span class='ocrx_word' id='word_1_454' title='bbox 440 4590 502 4650; x_wconf 84' lang='lat' dir='ltr'><strong>Gli.</strong></span> <span class='ocrx_word' id='word_1_455' title='bbox 534 4589 640 4649; x_wconf 84' lang='lat' dir='ltr'><strong>Gonst.</strong></span> <span class='ocrx_word' id='word_1_456' title='bbox 667 4587 845 4664; x_wconf 84' lang='lat' dir='ltr'><strong>Apostolici</strong></span> <span class='ocrx_word' id='word_1_457' title='bbox 866 4605 939 4645; x_wconf 83' lang='lat' dir='ltr'><strong>ma·</strong></span> 
     </span>
    </p>
   </div>
   <div class='ocr_carea' id='block_1_18' title="bbox 1052 4342 1637 4424">
    <p class='ocr_par' dir='ltr' id='par_1_23' title="bbox 1052 4337 1752 4424">
     <span class='ocr_line' id='line_1_66' title="bbox 1052 4342 1637 4424; baseline -0.007 -20"><span class='ocrx_word' id='word_1_458' title='bbox 1052 4342 1119 4424; x_wconf 83' lang='lat'>(35)</span> <span class='ocrx_word' id='word_1_459' title='bbox 1133 4347 1230 4422; x_wconf 81' lang='lat' dir='ltr'><strong>Gury.</strong></span> <span class='ocrx_word' id='word_1_460' title='bbox 1248 4345 1289 4418; x_wconf 93' lang='grc' dir='ltr'><strong>ΙΙ,</strong></span> <span class='ocrx_word' id='word_1_461' title='bbox 1299 4345 1349 4416; x_wconf 89' lang='grc'><strong>58,</strong></span> <span class='ocrx_word' id='word_1_462' title='bbox 1366 4343 1396 4416; x_wconf 88' lang='lat'><strong>5,</strong></span> <span class='ocrx_word' id='word_1_463' title='bbox 1413 4344 1488 4420; x_wconf 90' lang='lat' dir='ltr'><strong>ibiq.</strong></span> <span class='ocrx_word' id='word_1_464' title='bbox 1506 4346 1637 4414; x_wconf 71' lang='lat' dir='ltr'><strong>(tonsa,</strong></span> 
     </span>
    </p>
   </div>
   <div class='ocr_carea' id='block_1_19' title="bbox 993 4425 1752 4657">
    <p class='ocr_par' dir='ltr' id='par_1_24' title="bbox 993 4425 1752 4657">
     <span class='ocr_line' id='line_1_67' title="bbox 993 4425 1644 4585; baseline -0.008 -20"><span class='ocrx_word' id='word_1_465' title='bbox 993 4425 1118 4585; x_wconf 78' lang='grc'><strong>488(36)</strong></span> <span class='ocrx_word' id='word_1_466' title='bbox 1139 4505 1264 4575; x_wconf 68' lang='lat' dir='ltr'><strong>Giano„</strong></span> <span class='ocrx_word' id='word_1_467' title='bbox 1278 4506 1352 4582; x_wconf 83' lang='lat' dir='ltr'><strong>(lap.</strong></span> <span class='ocrx_word' id='word_1_468' title='bbox 1366 4503 1427 4574; x_wconf 85' lang='lat' dir='ltr'><strong>1V;</strong></span> <span class='ocrx_word' id='word_1_469' title='bbox 1446 4502 1533 4562; x_wconf 82' lang='lat' dir='ltr'><strong>Aias.</strong></span> <span class='ocrx_word' id='word_1_470' title='bbox 1545 4522 1553 4574; x_wconf 78' lang='lat'>3</span> <span class='ocrx_word' id='word_1_471' title='bbox 1567 4503 1644 4562; x_wconf 84' lang='lat' dir='ltr'><strong>Sca-</strong></span> 
     </span>
     <span class='ocr_line' id='line_1_68' title="bbox 995 4583 1752 4657; baseline 0 -15"><span class='ocrx_word' id='word_1_472' title='bbox 995 4583 1072 4657; x_wconf 84' lang='lat' dir='ltr'><strong>vinI,</strong></span> <span class='ocrx_word' id='word_1_473' title='bbox 1097 4585 1153 4657; x_wconf 89' lang='lat' dir='ltr'><strong>III,</strong></span> <span class='ocrx_word' id='word_1_474' title='bbox 1177 4585 1248 4646; x_wconf 79' lang='grc'>485.</span> <span class='ocrx_word' id='word_1_475' title='bbox 1751 4609 1752 4620; x_wconf 51' lang='lat'>¹</span> 
     </span>
    </p>
   </div>
   <div class='ocr_carea' id='block_1_20' title="bbox 0 0 1818 5122">
    <p class='ocr_par' dir='ltr' id='par_1_25' title="bbox 0 0 1818 5122">
     <span class='ocr_line' id='line_1_69' title="bbox 0 0 1818 5122; baseline 0 0"><span class='ocrx_word' id='word_1_476' title='bbox 0 0 1818 5122; x_wconf 95' lang='lat' dir='ltr'><strong> </strong></span> 
     </span>
    </p>
   </div>
  </div>
 </body>
</html>
