3530 5124
467 285 571 330 curor
594 287 629 332 u.
656 285 696 330 oa
721 285 918 332 uurnruoruo
942 285 1170 332 conranucuno
1429 265 1493 334 589

149 359 285 460 deleto
300 407 515 479 quocumque
530 389 830 477 interventuliti),
845 387 912 457 nisi
925 387 1127 458 ordinarius
1144 387 1400 458 existimaverit
1417 410 1490 458 ma-

151 495 204 585 gis
226 493 389 584 expedire
412 513 530 564 coram
553 513 595 563 eo
619 493 797 580 celebrari,
823 515 928 586 quam
952 515 1070 564 coram
1095 493 1254 566 ministro
1285 495 1489 580 acatholico,

150 600 196 672 ad
218 621 323 692 quem
346 600 432 670 alias
455 600 554 670 facile
579 601 694 691 sponsi
720 601 949 690 conlugerent
968 603 1049 690 (27).
1077 602 1162 672 atsi
1179 601 1227 688 hi,
1246 609 1328 673 ante
1343 603 1399 672 vel
1416 607 1494 693 post

154 705 417 776 matrimonium
441 727 559 776 coram
582 728 623 776 eo
647 705 873 793 celebratum,
903 710 1114 778 contrahant
1144 709 1250 780 etiam
1278 709 1315 780 in
1347 709 1494 780 ecclesia

155 813 422 904 protestantium
446 813 515 882 ritu
539 813 799 904 protestantico,
826 815 907 884 huic
930 815 1089 886 assistere
1113 837 1218 905 grave
1235 821 1288 886 est
1306 817 1388 905 (18).
1408 820 1494 887 Con·

153 927 208 990 tra
232 920 259 990 si
284 939 492 990 consensum
516 921 721 1010 praestitum
748 941 865 990 coram
901 920 1062 991 ministro
1097 921 1284 1009 haeretico,
1322 943 1493 993 renovare

153 1028 266 1100 velint
288 1047 406 1097 coram
430 1025 589 1096 ministro
613 1027 797 1112 catholico,
823 1028 852 1098 is
874 1027 957 1098 ltuic
980 1032 1208 1098 matrimonio
1240 1049 1313 1098 nou
1342 1033 1492 1116 intersit,

154 1137 227 1204 nisi
246 1137 394 1203 servolis
415 1133 612 1219 servandis,
638 1142 669 1201 et
689 1153 778 1222 pars
800 1135 983 1221 catholico,
1017 1134 1107 1224 facti
1133 1140 1326 1223 poenitens,
1359 1136 1493 1205 obsolu-

153 1249 284 1314 tionem
308 1263 331 1314 o
354 1246 544 1313 contractis
566 1242 657 1330 forte
679 1248 837 1312 censatos
860 1244 955 1334 prius
978 1243 1168 1314 obtinuerit
1187 1246 1268 1334 (29).

214 1352 292 1422 466.
318 1349 369 1418 Id
391 1349 555 1420 ultimum
579 1348 760 1420 videamus
782 1354 901 1423 utrum
925 1349 1004 1422 liliis
1028 1354 1125 1421 nolas
1148 1351 1206 1438 sit,
1232 1353 1397 1423 natarali
1420 1351 1494 1420 iure

153 1457 246 1528 coire
271 1456 409 1548 nuptias
432 1456 565 1542 invitis,
590 1457 648 1526 vel
671 1455 878 1528 inconsultis
897 1459 1117 1546 pareatibus.
1145 1455 1331 1548 Principio,
1356 1457 1397 1528 de
1426 1459 1492 1526 lide

152 1571 219 1652 est,
245 1563 354 1634 coitas
377 1569 470 1633 ratas
492 1583 579 1651 esse;
604 1563 721 1654 etqui
746 1563 802 1632 vel
826 1562 861 1633 id
885 1571 1026 1653 negant,
1051 1565 1108 1633 vel
1124 1565 1311 1648 affirmant,
1330 1567 1492 1656 parentes

154 1669 229 1740 illas
252 1676 345 1740 ratas
368 1671 425 1739 vel
448 1668 563 1738 irritas
587 1672 701 1739 lacere
723 1688 834 1759 posse,
860 1672 923 1742 hos
939 1671 1028 1740 Trid.
1048 1671 1176 1760 Synod.
1195 1672 1419 1742 anathemate
1436 1670 1494 1740 da-

154 1783 256 1846 mnat
273 1777 354 1866 (50).
381 1779 520 1846 Certum
544 1796 680 1868 quoque
704 1781 769 1861 est,
795 1784 957 1866 parentes
980 1798 1051 1848 non
1075 1797 1173 1868 posse
1195 1777 1284 1848 filios
1315 1775 1494 1847 matrimo-

155 1882 215 1952 nio
238 1882 418 1973 prohibere
444 1882 561 1972 (Prol,
580 1889 598 1964 ᾗ
618 1881 671 1968 ta,
690 1902 725 1950 n.
746 1882 815 1972 59);
841 1905 919 1971 nec,
945 1890 986 1953 ut
1008 1904 1098 1970 reor,
1124 1905 1246 1972 cogere
1262 1883 1312 1954 uti
1329 1885 1421 1954 hanc
1438 1884 1495 1952 vel

156 1987 250 2058 illam
274 1989 415 2074 ducant,
442 1988 523 2058 huic
546 1987 602 2058 vel
626 1987 674 2058 illi
698 1987 844 2059 nubant.
879 1991 943 2061 Sed
972 1995 1091 2058 utrum
1122 1989 1156 2060 hi
1191 1995 1330 2076 ducere,
1364 1990 1495 2060 nubere

156 2093 250 2164 licite
272 2095 405 2186 possint
428 2094 634 2186 cuicumque
659 2095 858 2182 maluerint,
883 2096 1004 2166 invitis
1026 2096 1249 2186 parentibus?
1272 2096 1358 2168 Etsi
1373 2096 1409 2166 hi
1425 2095 1496 2166 sint

157 2201 260 2271 inviti
284 2209 423 2292 propter
445 2199 596 2272 familiae
620 2201 780 2286 dedecus,
806 2203 863 2272 vel
886 2203 978 2273 aliud
1000 2223 1105 2292 grave
1129 2202 1297 2272 damnum
1321 2202 1412 2294 quod
1448 2223 1493 2271 ex

154 2329 198 2378 eo
222 2307 445 2378 matrimonio
469 2306 640 2378 oriturum
663 2308 720 2393 sit,
746 2306 815 2377 iam
839 2310 911 2378 iere
935 2330 1039 2379 nemo
1062 2309 1208 2394 dubitat,
1235 2309 1300 2379 hoc
1323 2328 1396 2379 esse
1420 2327 1494 2398 gra·

157 2437 203 2485 ve
222 2417 304 2506 (51)
330 2436 441 2502 secus,
466 2415 609 2508 quidam
632 2416 745 2486 adhuc
768 2437 874 2506 grase
897 2437 972 2488 esse
994 2423 1119 2508 putant
1137 2419 1219 2507 (52),
1250 2418 1308 2488 alii
1344 2418 1490 2508 (contra)

157 2545 202 2592 ne
225 2524 302 2594 leve
325 2523 465 2616 quidem
482 2523 563 2611 (55).
591 2521 687 2593 Prior
709 2523 883 2594 sententia
907 2523 1032 2594 nititur
1060 2524 1135 2594 iure
1170 2529 1247 2594 tum
1281 2521 1389 2610 civili,
1407 2529 1495 2618 'tum

156 2631 326 2702 canonico
345 2632 428 2720 (54),
453 2636 489 2700 et
513 2632 567 2700 SS.
596 2635 657 2698 PP.
684 2629 854 2700 doctrina.
881 2631 945 2701 Sed
968 2652 1161 2720 perperam;
1194 2651 1277 2702 nam
1307 2630 1361 2724 ius
1392 2627 1494 2699 civile

158 2739 265 2829 patris
289 2743 427 2808 tantum
451 2736 601 2806 familias
627 2741 711 2825 (non
734 2736 867 2824 matris)
887 2736 1285 2826 consensumexigebat,
1303 2735 1495 2806 scilicetne

155 2865 242 2915 sucu
265 2846 364 2914 heres
387 2850 634 2933 agnosceretur
656 2843 769 2914 invito
785 2844 867 2932 (55);
903 2843 1047 2934 ideoque
1083 2864 1148 2913 nec
1177 2842 1295 2932 patris,
1333 2842 1361 2912 si
1398 2841 1495 2912 liberi

231 3115 285 3272 263
304 3117 338 3177 S.
355 3119 393 3176 U.
411 3115 451 3188 1.,
477 3115 513 3175 17
528 3115 595 3176 Iun.
620 3114 708 3177 1820.
913 3114 1103 3196 (32)Μο11.;
1128 3117 1233 3188 Pont.‚
1257 3115 1299 3188 ΙΙ,
1324 3115 1352 3188 l,
1374 3116 1425 3175 20.
1448 3115 1496 3174 In-

230 3197 271 3256 27
304 3196 453 3256 Instruct.
476 3197 582 3256 addita
602 3193 703 3256 Liter.
727 3199 801 3255 Gre-
854 3202 904 3256 ter
936 3195 992 3255 hos
1020 3197 1157 3254 eminent
1187 3196 1280 3256 Alex.
1310 3195 1420 3265 PolitI,
1450 3194 1497 3254 De

159 3294 228 3354 gor.
252 3275 338 3349 XVI,
362 3275 403 3338 20
424 3279 501 3353 Apr.
527 3275 614 3346 1841,
651 3277 697 3336 ad
727 3278 799 3336 Pri·
853 3275 972 3336 Patria
995 3279 1032 3333 ia
1054 3279 1258 3336 testamentis
1273 3277 1367 3337 cond.
1379 3283 1494 3352 potest.

159 3365 239 3416 mat.
264 3365 293 3417 et
314 3357 490 3433 Episcopus
505 3357 717 3432 Hesperiae.
854 3355 1034 3416 Florentiae
1050 3353 1146 3426 17123
1169 3360 1202 3416 et
1222 3357 1275 3416 Fr.
1293 3355 1337 3415 M.
1361 3357 1496 3416 illuscet·

218 3435 286 3516 (28)
307 3438 339 3498 8.
356 3439 393 3498 U.
411 3437 451 3509 1.,
474 3436 513 3496 21
533 3439 609 3513 Apr.
635 3435 734 3508 1847;
757 3435 798 3498 V.
852 3437 920 3496 tola
940 3435 1044 3512 Episc.
1061 3435 1276 3508 Rossenensis,
1294 3436 1427 3496 Dissert.
1450 3435 1498 3496 Dc
1627 3446 1630 3454 ’

159 3519 258 3592 Gury,
282 3517 323 3588 11,
340 3519 410 3592 820,
427 3516 497 3588 830,
514 3518 617 3592 ibique
632 3517 797 3577 BallerIni.
855 3513 1007 3592 Sponsal.
1032 3523 1064 3576 et
1081 3515 1244 3584 Matr-lm„
1268 3513 1357 3575 1723.

160 3599 287 3668 Veram,
311 3598 388 3657 licet
401 3597 515 3658 sistere
530 3613 634 3656 coram
655 3597 801 3657 ministro
913 3593 980 3675 (33)
1000 3597 1036 3655 D.
1053 3596 1125 3665 Tin,
1142 3594 1183 3666 11,
1199 3595 1242 3664 Il,
1262 3595 1330 3665 104,
1348 3594 1378 3668 53
1392 3595 1491 3666 Scot.;

159 3677 360 3754 protestanti,
374 3677 439 3737 siis
454 3678 595 3748 assistat,
610 3695 678 3736 non
689 3679 801 3735 atmi·
854 3677 965 3751 Vasq.;
989 3676 1117 3746 Senon,
1142 3673 1196 3746 lv,
1219 3673 1271 3744 23,
1298 3674 1346 3746 10;
1369 3675 1496 3751 leym,

161 3759 266 3816 nister
281 3757 433 3816 addictas
448 3758 565 3826 sacris,
579 3758 636 3816 scd
654 3759 801 3815 retmini-
854 3756 892 3814 P.
917 3753 947 3826 1,
970 3756 1043 3831 (lap.
1069 3755 1094 3825 Ι,
1119 3753 1167 3825 14,
1191 3755 1298 3826 seia,
1321 3755 1376 3827 lV,
1393 3755 1419 3826 1,
1442 3753 1494 3826 25;

160 3844 226 3896 ster
235 3837 443 3916 politicas(S.
458 3839 495 3898 U.
509 3837 548 3910 1.,
564 3835 694 3898 29Νον.
710 3837 800 3910 167ος
856 3837 1026 3903 Schmin,
1051 3834 1105 3905 IV,
1127 3836 1158 3906 2,
1174 3834 1225 3906 793
1243 3835 1275 3894 S.
1289 3835 1398 3912 Alph.,
1417 3834 1496 3894 Con·

161 3917 237 3977 Bon.
256 3917 340 3990 xlv,
356 3917 403 3977 De
418 3915 582 3992 Syo.,VI,
599 3916 670 3987 VII,
683 3915 726 3993 2).
855 3918 976 3992 sessore
1003 3917 1131 3983 diretto,
1161 3913 1235 3990 Gap.
1263 3913 1380 3984 XVIII,
1410 3933 1441 3974 n.
1464 3913 1493 3972 3.

222 3995 379 4075 (20)80.
392 3997 431 4070 1.,
447 3997 570 4060 litabo.
584 3996 673 4062 1864:
683 3998 716 4056 S.
727 3997 803 4055 Poe·
855 3997 914 4056 Est
935 3993 1033 4055 tertio
1054 3995 1221 4064 sententia,
1246 3993 1330 4054 inter
1351 3995 1408 4052 has
1433 4011 1497 4054 me-

159 4075 236 4148 nit.‚
259 4077 300 4136 22
331 4079 426 4138 Mart.
450 4075 540 4147 1870,
576 4077 622 4136 De
650 4077 799 4136 Matrim.
855 4076 917 4148 dia,
931 4074 1182 4134 existimantium
1193 4072 1419 4152 hocpeccatum
1431 4073 1496 4150 qui-

160 4159 289 4226 etistis,-
303 4159 341 4217 V.
355 4157 509 4234 Lugo,De
520 4158 616 4226 Fida,
630 4157 734 4230 XXII,
752 4155 801 4230 123
856 4157 924 4214 dem
946 4171 1024 4225 esse,
1041 4155 1092 4214 sed
1108 4153 1177 4212 leve
1191 4153 1244 4234 (V.
1262 4153 1295 4212 S.
1312 4153 1421 4228 Alph.,
1438 4153 1495 4226 VI,

158 4241 193 4295 et
214 4237 320 4308 Pom..
343 4240 481 4314 Append.
505 4239 544 4296 ad
567 4238 635 4296 lib.
657 4237 729 4296 VII.
856 4235 928 4306 849,
951 4251 982 4292 v.
1001 4232 1135 4312 Tertia).

219 4315 286 4395 (30)
305 4319 407 4392 Trio,
430 4317 546 4390 XXIV,
569 4319 608 4377 R.
624 4318 684 4389 M„
708 4317 735 4389 1,
753 4333 800 4394 pr.
916 4312 981 4393 (34)
1001 4313 1038 4372 L.
1061 4315 1092 4387 7,
1116 4313 1163 4373 De
1177 4313 1346 4390 δμωαὶ,
1367 4315 1441 4374 (lan.
1465 4311 1495 4386 3,

219 4395 285 4476 (31)
305 4399 343 4456 V.
368 4399 400 4457 S.
424 4397 532 4474 Alph.,
556 4397 612 4468 VI,
634 4397 704 4470 851,
730 4398 800 4468 840,
857 4395 932 4457 osu.
955 4393 1006 4466 30,
1029 4395 1059 4455 5.

159 4495 191 4536 v.
218 4477 339 4537 Tertio.
363 4510 380 4523 -
404 4479 441 4538 V.
454 4495 495 4550 c.,
511 4481 542 4536 si
556 4495 598 4538 ecc
614 4480 659 4538 eis
674 4481 802 4537 oritura
915 4473 981 4555 (35)
1002 4475 1049 4535 Ex
1070 4475 1107 4534 L.
1132 4473 1190 4544 12,
1213 4475 1232 4550 5
1256 4474 1364 4534 Medio
1387 4481 1498 4552 temp„

159 4558 231 4615 sint
249 4562 369 4634 provio
396 4557 560 4618 scandolo
584 4566 646 4617 aut
675 4559 802 4618 dissen-
859 4555 904 4615 Dc
922 4555 1046 4633 Captis.
1059 4555 1256 4638 'etpostlz'm
1274 4571 1376 4616 rever.

159 4639 272 4697 aiones
293 4637 340 4720 (S.
357 4638 465 4716 Alph.,
490 4636 559 4720 ia).
