3594 5122
339 253 416 300 aar.
441 251 465 296 r.
491 251 715 315 nunrursrao,
741 253 779 298 ar
803 251 886 307 oona
910 251 1058 300 nrmsrun
1081 253 1264 300 oesunvana
1288 255 1358 300 arc.
1459 233 1525 303 229

100 369 101 373 ’
178 351 359 440 continue,
386 354 482 443 plura
506 355 644 424 conlert
667 359 899 440 sacramenta,
926 375 961 424 v.
988 375 1036 440 c.,
1062 355 1216 445 baptizat
1238 355 1353 446 plures
1372 357 1526 444 velcon-

180 457 298 532 firmat
320 461 377 532 vel
400 463 561 548 absolvit,
586 469 640 532 tot
663 467 805 555 peccata
829 463 1029 534 committat
1062 471 1148 555 quot
1181 471 1264 534 sunt
1293 465 1329 534 hi
1360 487 1446 557 quos
1469 465 1526 536 ba·

179 567 300 660 ptizat,
325 568 522 655 confirmat,
547 569 708 656 absolvit,
733 589 779 638 an
802 591 913 640 unum
936 575 1089 658 tantum,
1116 578 1152 642 et
1174 571 1202 642 si
1227 575 1313 642 haec
1343 594 1388 644 ex
1423 573 1526 642 officii

178 676 367 746 sanctitate
392 675 570 761 metimur,
595 676 661 746 hoc
685 677 803 746 verius
826 677 929 762 lorte,
954 682 1039 768 quta
1063 700 1177 748 unum
1208 680 1430 768 baptizandi,
1468 681 1525 749 ob·

177 781 347 868 solvendi,
373 786 440 852 etc.
467 785 705 850 minhteriom
729 790 864 851 exercet
883 783 977 871 (lt).¹
1104 813 1105 816 ¹

209 903 211 907 ⁴
241 887 319 957 255.
345 887 471 969 Quaeri
495 893 609 976 potest
632 907 677 956 an
701 887 768 958 duo
792 888 895 958 simul
911 889 1045 978 possint
1058 889 1151 958 idem
1167 897 1426 960 sacramentum
1442 910 1524 960 con-

181 993 298 1066 ficere.
325 999 368 1064 ut
390 994 418 1064 si
442 1015 534 1064 unus
557 995 742 1066 materiam
765 995 875 1084 ponit,
901 995 989 1066 alter
1011 999 1159 1066 lormam
1190 995 1411 1087 pronunciet,
1443 1017 1523 1066 cunr

144 1098 147 1104 '
181 1101 268 1170 haec
291 1101 417 1170 falsum
441 1101 516 1171 heio
547 1100 652 1188 dicat,
685 1108 958 1172 sacramentum¹
973 1107 1134 1172 constare
1164 1124 1235 1174 non
1263 1109 1387 1194 potest.
1421 1108 1525 1173 Secus

181 1205 211 1276 si
234 1211 380 1296 uterquc
405 1213 516 1276 totam
541 1205 724 1276 materiam
749 1213 785 1276 et
807 1207 957 1277 lormam
980 1212 1105 1297 ponat;
1143 1229 1204 1279 seu
1235 1213 1353 1298 portts
1384 1213 1523 1278 tantum

182 1311 277 1401 (cum
301 1318 561 1382 sacramentum
585 1319 723 1382 constat
746 1311 900 1402 pluribus
922 1313 1090 1403 partibus,
1123 1321 1163 1382 ut
1185 1314 1406 1400 eucharistia,
1431 1320 1521 1384 extr.

181 1417 315 1504 unctio,
340 1426 377 1488 et
399 1418 511 1504 ordo),
536 1439 597 1488 sen
621 1423 724 1488 totius
748 1420 800 1508 (ut
822 1418 850 1488 si
867 1418 1063 1504 absolvant,
1081 1425 1288 1489 consecrent
1301 1439 1372 1490 una
1388 1419 1520 1508 simul).

183 1531 225 1596 Et
248 1525 284 1594 in
308 1527 374 1596 hoc
397 1526 579 1616 posteriori
603 1546 685 1595 casu
715 1525 771 1596 ille
798 1531 1059 1595 sacramentum
1078 1525 1244 1614 conficit,
1281 1525 1340 1618 qui
1365 1525 1457 1616 prior
1480 1524 1524 1594 si·

180 1651 289 1720 gnum
313 1631 473 1719 absolvit,
500 1631 587 1702 etsi
610 1638 756 1724 uterque
780 1629 863 1701 illud
885 1630 1073 1701 absolverit
1096 1632 1218 1702 eodem
1243 1637 1421 1702 momento
1437 1637 1525 1702 tem·

179 1736 284 1827 poris,
309 1744 467 1830 uterque,
493 1745 665 1830 quantum
689 1737 726 1808 in
748 1758 784 1808 se
808 1744 872 1822 est,
906 1736 1048 1807 conficit
1071 1744 1331 1808 sacramentnm
1353 1737 1433 1826 (ll).
1460 1736 1525 1808 Sed

180 1842 333 1934 primum
356 1850 410 1915 cst
431 1866 551 1935 grave,
576 1851 819 1939 praeterquam
842 1845 880 1914 in
904 1844 1001 1934 gravi
1026 1845 1246 1934 necessitate;
1264 1845 1414 1942 alterum
1430 1865 1523 1914 sem·

181 1969 244 2039 per
270 1951 350 2040 (lt).
367 1947 371 1966 ²
385 1954 430 2020 nt
464 1949 688 2042 proculdubio
723 1953 818 2021 valet
850 1955 1109 2020 sacramentum
1133 1949 1224 2040 quod
1261 1970 1351 2020 unus
1386 1951 1524 2020 confert

180 2055 335 2144 pluribus
356 2076 427 2126 una
451 2057 572 2126 simul:
599 2057 691 2148 quod
721 2057 924 2147 ceteroquin
955 2056 991 2126 in
1022 2057 1094 2126 solo
1123 2054 1312 2146 baptismo,
1343 2062 1379 2125 et
1407 2053 1523 2144 poeni-

179 2161 292 2232 tentia
315 2161 390 2232 lieri
414 2169 528 2254 potest
554 2166 648 2253 (cum
672 2184 798 2254 nempe
829 2161 893 2231 sub
925 2164 1028 2234 unica
1062 2163 1174 2232 forma
1208 2159 1323 2252 plur‘es
1352 2161 1522 2251 baptizat,

182 2267 239 2336 vel
261 2267 437 2356 absolvit),
464 2269 559 2338 etin
584 2269 656 2340 solo
680 2288 817 2338 summo
841 2265 1040 2337 discrimine
1064 2288 1194 2352 rerum,
1223 2274 1263 2336 ut
1287 2268 1322 2336 in
1347 2267 1522 2354 incendio,

182 2373 296 2459 ruina,
322 2375 515 2464 naufragio,
539 2375 615 2445 fieri
638 2373 720 2444 licet
738 2375 820 2464 (16).
847 2372 1079 2443 Nihilominus
1101 2381 1221 2442 utrum
1245 2373 1282 2442 in
1298 2372 1374 2442 aliis
1389 2371 1525 2443 casibus

182 2479 260 2550 leve
283 2480 341 2566 sit,
366 2502 412 2551 an
435 2501 554 2570 grave,
580 2502 652 2550 non
675 2480 759 2550 satis
782 2481 951 2580 convenit
968 2481 1048 2568 (17).
1111 2518 1114 2524 -

289 2711 370 2778 har.
397 2713 438 2778 ll.
468 2713 514 2778 lle
538 2710 703 2794 Subiecto,
729 2717 761 2777 et
784 2729 875 2800 quoe
896 2707 1066 2776 submotos
1085 2714 1272 2795 proestare
1301 2703 1422 2774 debeat

580 2820 619 2884 in
644 2818 878 2885 sacramentis
909 2814 1131 2902 recipiendis.

242 3005 319 3074 256.
346 3005 580 3074 sacramentis
604 3003 810 3094 recipiendis
833 3004 895 3074 soli
919 3004 1079 3076 homines
1102 3023 1246 3093 capaces
1278 3010 1375 3088 sunt,
1410 3002 1525 3094 quoad

181 3111 233 3180 eis
257 3109 331 3181 vita
355 3111 538 3200 contingit.
566 3116 698 3201 Nempe
722 3131 844 3180 omncs
867 3111 1051 3199 baptismo;
1077 3115 1155 3200 post
1176 3110 1387 3200 baptismum
1410 3127 1525 3180 susce·

182 3223 295 3308 ptum,
319 3215 378 3308 qui
401 3217 473 3286 sint
495 3216 623 3302 idonei,
649 3216 720 3286 suis
743 3215 839 3294 locis.
865 3215 950 3286 lleic
972 3215 1166 3300 videamus,
1191 3221 1310 3284 utrum
1333 3213 1392 3306 qui
1416 3234 1457 3284 ea
1473 3234 1525 3284 re·

182 3322 317 3413 cipiunt
331 3322 403 3392 sint
418 3322 583 3409 infantes,
602 3344 647 3393 an
664 3321 771 3392 adulti
795 3342 878 3392 suae
895 3321 1034 3392 mentis.
1054 3329 1093 3390 ln
1108 3323 1179 3391 illis
1198 3325 1257 3409 (et,
1275 3319 1312 3390 in
1329 3320 1382 3389 his
1397 3319 1457 3411 qui
1473 3319 1525 3389 eis

182 3431 425 3514 accensentur,
451 3429 566 3497 idiotis
589 3435 625 3498 et
648 3427 848 3498 amentibus
870 3427 914 3498 ab
937 3427 1085 3497 infantia
1101 3465 1122 3478 -
1139 3431 1179 3496 V.
1198 3427 1302 3512 Proh,
1321 3433 1362 3508 §S
1387 3425 1442 3510 50,
1462 3424 1516 3513 51)

183 3531 270 3602 nihil
293 3533 386 3603 aliud
409 3533 608 3624 requiritur,
644 3541 684 3603 ut
717 3540 976 3604 sacramentum
1007 3534 1161 3624 recipere
1188 3530 1322 3621 possint
1350 3550 1455 3622 quam
1486 3532 1526 3596 ut

182 3659 328 3730 capaces
351 3641 426 3710 eius
448 3639 536 3710 sint:
563 3660 628 3710 nec
652 3660 738 3730 opus
760 3645 814 3710 est
836 3639 1032 3710 intentione
1056 3644 1254 3729 parentum,
1280 3657 1326 3707 ne
1349 3636 1387 3706 in
1415 3635 1530 3725 bapti·.

182 3765 259 3816 omo
281 3745 435 3837 quidem,
453 3746 556 3838 idque
580 3745 813 3816 certissimum
837 3753 901 3816 est.
928 3745 1028 3816 nliud
1043 3743 1128 3814 iuris
1144 3750 1197 3814 est
1212 3743 1249 3812 in
1264 3747 1357 3812 istis:
1375 3741 1410 3810 hi
1424 3760 1525 3811 nosse

183 3853 311 3924 debent
332 3873 421 3946 quae
444 3853 534 3923 scitu
570 3852 765 3924 necessaria
800 3859 883 3924 sunt
917 3852 1124 3924 necessitate
1157 3849 1276 3938 medii,
1312 3856 1352 3919 ut
1381 3869 1526 3940 capaces

182 3961 379 4030 habeantur
400 3961 451 4030 eis
475 3959 681 4050 recipiendis
697 3961 762 4048 (llz
781 3960 824 4029 ad
848 3961 946 4046 haec,
966 3959 1160 4029 necessaria
1183 3957 1233 4027 eis
1256 3963 1309 4028 est
1323 3955 1473 4028 intentio
1487 3963 1528 4027 ut

183 4065 311 4152 valide,
336 4073 373 4136 et
395 4065 636 4156 dispositiones
659 4071 699 4133 ut
721 4065 814 4136 licite
839 4087 880 4136 ea
903 4067 1076 4155 suscipere
1100 4063 1244 4156 possint.

244 4357 298 4436 (14
331 4361 368 4419 D.
392 4359 467 4428 Th„
491 4356 548 4430 111,
565 4358 616 4426 67,
631 4356 661 4415 6.
876 4357 1012 4434 parvul.

246 4438 300 4518 (15
340 4441 389 4499 Ex
416 4439 519 4498 Rubr.
546 4437 677 4496 Missal.
699 4435 827 4495 -Prae-
955 4435 1006 4516 17)
1028 4436 1060 4495 S.
1078 4435 1186 4512 Alph,
1210 4434 1265 4508 vl,
1283 4435 1333 4507 29,
1351 4435 1384 4494 in
1398 4434 1431 4494 fi.

182 4519 326 4660 qqqquam
349 4519 381 4578 in
408 4517 603 4578 ordinatione
631 4517 827 4593 presbytero·
881 4595 943 4672 53,
956 4516 1049 4657 111)be
1063 4517 1130 4576 Inn.
1154 4515 1210 4585 XI,
1232 4515 1288 4588 643
1311 4517 1350 4575 V.
1374 4515 1448 4574 Par.
1465 4513 1522 4588 11,

243 4275 456 4517 (13}Sporer,
480 4277 526 4336 Dc
547 4275 824 4345 Poenit.‚n.435.
940 4271 1005 4356 (16)
1026 4275 1074 4334 Ex
1104 4275 1171 4336 Rit.
1206 4275 1316 4348 Rom,
1349 4275 1396 4334 De
1425 4275 1523 4352 Bapt.
